3259 5075
337 607 387 691 ζμ
609 585 819 658 stunt
868 585 999 658 suu

392 775 451 832 no
477 746 609 830 Dante
635 744 833 860 Alighieri
867 743 934 830 col
965 726 1196 829 commento
1228 743 1271 829 di

391 879 684 991 Christophoro
705 878 893 964 Landino
919 880 953 962 F
955 884 1174 963 iorentino.
1206 879 1272 961 In-

391 1011 494 1098 solio
511 1019 712 1122 maximo,
734 1010 855 1126 (cum
875 1040 924 1121 19
950 1014 1022 1129 fig.
1041 1018 1108 1096 aeri
1130 1015 1271 1095 incisis

392 1172 433 1232 et
463 1151 514 1231 16
546 1143 679 1258 penni
707 1144 914 1231 delineatis
945 1174 994 1229 ex
1021 1143 1112 1230 eod.
1143 1149 1270 1262 genio

392 1279 608 1397 eademque
627 1279 865 1392 methodo)
888 1306 941 1364 m.
962 1310 996 1365 r.

430 1472 557 1569 Legitur
583 1474 617 1543 in
648 1474 710 1544 fine
738 1471 819 1544 folio
849 1496 973 1542 verso:
1007 1473 1084 1541 Fine
1111 1473 1162 1540 dcl
1188 1495 1274 1540 corn·

383 1614 485 1660 mento
514 1594 546 1661 di
576 1593 790 1684 Christophoro
818 1592 965 1659 Laudino
988 1591 1192 1678 florentino,
1224 1612 1272 1658 so-

378 1735 442 1803 pra
461 1715 494 1779 la
516 1712 658 1780 Comedia
685 1713 717 1779 di
740 1711 872 1784 Dantht
888 1731 981 1800 poeta
1003 1709 1274 1793 excellentissimo,

383 1849 413 1895 et
444 1829 652 1918 impresso'in
683 1831 806 1924 Firtnpe
825 1854 883 1920 per
908 1828 1040 1895 Nicholo
1073 1828 1106 1894 di
1135 1825 1276 1922 Lorcnzo

384 1947 464 2013 della
496 1973 612 2042 magna
647 1950 700 2015 adi
731 1948 850 2016 XXX
877 1946 1024 2041 Dagosto
1058 1942 1108 2015 M.
1135 1941 1276 2017 CCCC.

386 2060 550 2135 LXXXI.

432 2181 666 2254 Praemittuntur
693 2206 735 2253 12
758 2183 836 2254 folia
858 2183 1168 2277 prolegomenorum
1189 2177 1276 2248 Lan-

383 2298 459 2373 dini.
495 2300 722 2373 Tredecimum
762 2303 869 2372 album
904 2317 981 2390 est,
1015 2319 1047 2370 et
1077 2294 1144 2386 ejus
1175 2320 1278 2368 verso

382 2436 468 2490 extat
495 2420 590 2491 etiam
612 2420 842 2516 frontispicium
871 2415 978 2516 penui
1000 2416 1217 2505 delineatum,
1243 2432 1276 2486 et

384 2563 458 2609 cum
498 2540 761 2637 quatuordecimo
797 2538 905 2635 incipit
936 2541 1037 2609 teritus
1070 2560 1145 2608 curn
1181 2560 1276 2607 com-

383 2674 523 2745 mento,
550 2659 583 2726 in
612 2655 700 2747 cujus
720 2661 814 2752 parte
837 2657 978 2727 inferiori
1002 2674 1087 2726 extat
1105 2662 1169 2725 una
1193 2653 1276 2748 figu-

383 2796 419 2841 ra
451 2773 634 2856 aeri,incisa
660 2794 692 2845 et
719 2776 836 2846 ehartae
864 2774 1056 2863 adhaerers,
1085 2774 1205 2867 absque
1229 2767 1274 2840 ed

384 2887 472 2984 qudd
503 2879 691 2987 agglutinata
718 2891 836 2982 fuerit,
866 2893 946 2965 sicut
970 2911 1005 2963 et
1031 2888 1170 2962 secunda
1199 2914 1273 2986 quae

384 3010 489 3080 cantui
516 3009 658 3081 secundo
686 3012 892 3105 praernittitur.

432 3126 531 3199 Caret
550 3129 687 3201 numeris
711 3151 742 3202 et
759 3130 963 3219 custodibus,
981 3127 1037 3199 sed
1053 3128 1149 3200 habet
1167 3125 1274 3222 signa·

382 3263 476 3316 tutas.
506 3247 541 3316 In
563 3248 785 3321 hac‘editione
810 3276 871 3345 pro
899 3249 995 3320 solito
1017 3249 1139 3318 lacunae
1161 3265 1272 3317 extant

382 3362 414 3435 in
439 3365 593 3462 principio
629 3364 794 3457 cujuslibet
825 3367 964 3455 cantio,
992 3366 1056 3437 tz'nn
1077 3366 1109 3434 in
1135 3364 1273 3435 inferno.

382 3482 477 3578 quim
510 3485 698 3582 Purgatorio
739 3508 770 3559 et
808 3487 968 3559 Paradiso.
1009 3483 1073 3554 Sed
1110 3483 1273 3577 peculiare
1372 3475 1374 3479 ¹

383 3598 478 3672 habet
511 3604 574 3676 hoc
602 3607 790 3700 exemplar,
821 3603 973 3700 quodque
1007 3602 1136 3673 unicum
1163 3618 1273 3695 potest

385 3721 535 3813 appellari
567 3726 685 3818 absque
715 3722 971 3794 contradictionis
1001 3718 1193 3791 formidine:

441 3857 487 3911 1⁰.
505 3838 608 3932 Qudd
624 3861 740 3936 praeter
763 3841 838 3913 duas
858 3842 978 3942 priores
997 3840 1049 3936 fig.
1070 3862 1130 3934 pto
1151 3833 1273 3931 duplici
