<?xml version="1.0" encoding="UTF-8"?>
<!DOCTYPE html PUBLIC "-//W3C//DTD XHTML 1.0 Transitional//EN"
    "http://www.w3.org/TR/xhtml1/DTD/xhtml1-transitional.dtd">
<html xmlns="http://www.w3.org/1999/xhtml" xml:lang="en" lang="en">
 <head>
  <title>
</title>
<meta http-equiv="Content-Type" content="text/html;charset=utf-8" />
  <meta name='ocr-system' content='tesseract 3.04.00' />
  <meta name='ocr-capabilities' content='ocr_page ocr_carea ocr_par ocr_line ocrx_word'/>
</head>
<body>
  <div class='ocr_page' id='page_1' title='image "./indexlibrorumab02lairgoog_0064.png"; bbox 0 0 3259 5075; ppageno 0'>
   <div class='ocr_carea' id='block_1_1' title="bbox 369 540 1069 852">
    <p class='ocr_par' dir='ltr' id='par_1_1' title="bbox 369 540 1069 852">
     <span class='ocr_line' id='line_1_1' title="bbox 369 540 1024 651; baseline -0.009 -32"><span class='ocrx_word' id='word_1_1' title='bbox 369 568 414 651; x_wconf 80' lang='lat'>54</span> <span class='ocrx_word' id='word_1_2' title='bbox 633 544 843 617; x_wconf 78' lang='lat' dir='ltr'>ttoni</span> <span class='ocrx_word' id='word_1_3' title='bbox 892 540 1024 614; x_wconf 80' lang='lat' dir='ltr'>suu</span> 
     </span>
     <span class='ocr_line' id='line_1_2' title="bbox 589 740 1069 852; baseline -0.019 -20"><span class='ocrx_word' id='word_1_4' title='bbox 589 742 699 832; x_wconf 81' lang='lat' dir='ltr'>Libri</span> <span class='ocrx_word' id='word_1_5' title='bbox 723 740 791 826; x_wconf 86' lang='lat' dir='ltr'>sub</span> <span class='ocrx_word' id='word_1_6' title='bbox 814 775 917 828; x_wconf 82' lang='lat' dir='ltr'>anno</span> <span class='ocrx_word' id='word_1_7' title='bbox 949 744 1069 852; x_wconf 84' lang='lat'>1482.</span> 
     </span>
    </p>
   </div>
   <div class='ocr_carea' id='block_1_2' title="bbox 289 948 1341 3543">
    <p class='ocr_par' dir='ltr' id='par_1_2' title="bbox 371 948 1303 1846">
     <span class='ocr_line' id='line_1_3' title="bbox 371 948 1298 1068; baseline -0.009 -22"><span class='ocrx_word' id='word_1_8' title='bbox 371 948 403 1046; x_wconf 66' lang='lat' dir='ltr'>i&#39;</span> <span class='ocrx_word' id='word_1_9' title='bbox 422 953 651 1044; x_wconf 83' lang='lat' dir='ltr'>Aristotelis</span> <span class='ocrx_word' id='word_1_10' title='bbox 682 955 926 1068; x_wconf 83' lang='lat' dir='ltr'>phisicorum</span> <span class='ocrx_word' id='word_1_11' title='bbox 959 951 1051 1038; x_wconf 88' lang='lat' dir='ltr'>libri</span> <span class='ocrx_word' id='word_1_12' title='bbox 1087 953 1200 1043; x_wconf 90' lang='lat' dir='ltr'>VIII.</span> <span class='ocrx_word' id='word_1_13' title='bbox 1233 952 1298 1039; x_wconf 90' lang='lat' dir='ltr'>De</span> 
     </span>
     <span class='ocr_line' id='line_1_4' title="bbox 422 1085 1296 1177; baseline -0.006 -3"><span class='ocrx_word' id='word_1_14' title='bbox 422 1089 537 1174; x_wconf 86' lang='lat' dir='ltr'>Caelo</span> <span class='ocrx_word' id='word_1_15' title='bbox 559 1113 599 1171; x_wconf 90' lang='lat' dir='ltr'>et</span> <span class='ocrx_word' id='word_1_16' title='bbox 621 1086 774 1177; x_wconf 87' lang='lat' dir='ltr'>mundo</span> <span class='ocrx_word' id='word_1_17' title='bbox 797 1085 890 1171; x_wconf 88' lang='lat' dir='ltr'>libri</span> <span class='ocrx_word' id='word_1_18' title='bbox 909 1111 1002 1171; x_wconf 88' lang='lat' dir='ltr'>tres.</span> <span class='ocrx_word' id='word_1_19' title='bbox 1029 1086 1094 1168; x_wconf 87' lang='lat' dir='ltr'>De</span> <span class='ocrx_word' id='word_1_20' title='bbox 1114 1087 1296 1171; x_wconf 86' lang='lat' dir='ltr'>Genera·</span> 
     </span>
     <span class='ocr_line' id='line_1_5' title="bbox 423 1218 1300 1335; baseline 0.001 -30"><span class='ocrx_word' id='word_1_21' title='bbox 423 1229 537 1313; x_wconf 87' lang='lat' dir='ltr'>tione</span> <span class='ocrx_word' id='word_1_22' title='bbox 556 1249 596 1309; x_wconf 88' lang='lat' dir='ltr'>et</span> <span class='ocrx_word' id='word_1_23' title='bbox 615 1226 876 1335; x_wconf 79' lang='lat' dir='ltr'>corruptione</span> <span class='ocrx_word' id='word_1_24' title='bbox 895 1218 987 1305; x_wconf 90' lang='lat' dir='ltr'>libri</span> <span class='ocrx_word' id='word_1_25' title='bbox 1008 1223 1065 1303; x_wconf 92' lang='lat' dir='ltr'>II.</span> <span class='ocrx_word' id='word_1_26' title='bbox 1095 1222 1300 1306; x_wconf 90' lang='lat' dir='ltr'>Meteoro-</span> 
     </span>
     <span class='ocr_line' id='line_1_6' title="bbox 422 1354 1301 1447; baseline -0.01 0"><span class='ocrx_word' id='word_1_27' title='bbox 422 1389 510 1447; x_wconf 84' lang='lat' dir='ltr'>1um</span> <span class='ocrx_word' id='word_1_28' title='bbox 536 1357 627 1443; x_wconf 88' lang='lat' dir='ltr'>libri</span> <span class='ocrx_word' id='word_1_29' title='bbox 655 1360 731 1447; x_wconf 89' lang='lat' dir='ltr'>IV.</span> <span class='ocrx_word' id='word_1_30' title='bbox 759 1358 824 1443; x_wconf 90' lang='lat' dir='ltr'>De</span> <span class='ocrx_word' id='word_1_31' title='bbox 846 1362 981 1443; x_wconf 80' lang='lat' dir='ltr'>anima</span> <span class='ocrx_word' id='word_1_32' title='bbox 1006 1354 1097 1441; x_wconf 89' lang='lat' dir='ltr'>libri</span> <span class='ocrx_word' id='word_1_33' title='bbox 1119 1358 1196 1440; x_wconf 91' lang='lat' dir='ltr'>III.</span> <span class='ocrx_word' id='word_1_34' title='bbox 1225 1357 1301 1440; x_wconf 87' lang='lat' dir='ltr'>Li·-</span> 
     </span>
     <span class='ocr_line' id='line_1_7' title="bbox 421 1480 1301 1583; baseline -0.013 0"><span class='ocrx_word' id='word_1_35' title='bbox 421 1491 494 1583; x_wconf 88' lang='lat' dir='ltr'>ber</span> <span class='ocrx_word' id='word_1_36' title='bbox 513 1491 565 1578; x_wconf 90' lang='lat' dir='ltr'>de</span> <span class='ocrx_word' id='word_1_37' title='bbox 583 1480 747 1581; x_wconf 66' lang='lat' dir='ltr'>Plautii.</span> <span class='ocrx_word' id='word_1_38' title='bbox 775 1494 839 1576; x_wconf 92' lang='lat' dir='ltr'>De</span> <span class='ocrx_word' id='word_1_39' title='bbox 861 1489 1068 1576; x_wconf 88' lang='lat' dir='ltr'>coloribus</span> <span class='ocrx_word' id='word_1_40' title='bbox 1091 1488 1207 1572; x_wconf 87' lang='lat' dir='ltr'>liber.</span> <span class='ocrx_word' id='word_1_41' title='bbox 1235 1489 1301 1572; x_wconf 92' lang='lat' dir='ltr'>De</span> 
     </span>
     <span class='ocr_line' id='line_1_8' title="bbox 423 1621 1301 1753; baseline -0.011 -40"><span class='ocrx_word' id='word_1_42' title='bbox 423 1651 555 1713; x_wconf 87' lang='lat' dir='ltr'>morte</span> <span class='ocrx_word' id='word_1_43' title='bbox 587 1629 622 1710; x_wconf 94' lang='grc' dir='ltr'>Ι.</span> <span class='ocrx_word' id='word_1_44' title='bbox 655 1627 720 1709; x_wconf 91' lang='lat' dir='ltr'>De</span> <span class='ocrx_word' id='word_1_45' title='bbox 749 1622 1015 1743; x_wconf 86' lang='lat' dir='ltr'>intelligentia</span> <span class='ocrx_word' id='word_1_46' title='bbox 1038 1627 1073 1707; x_wconf 94' lang='grc' dir='ltr'>Ι.</span> <span class='ocrx_word' id='word_1_47' title='bbox 1102 1625 1165 1706; x_wconf 91' lang='lat' dir='ltr'>De</span> <span class='ocrx_word' id='word_1_48' title='bbox 1184 1621 1301 1753; x_wconf 86' lang='lat' dir='ltr'>lineis</span> 
     </span>
     <span class='ocr_line' id='line_1_9' title="bbox 425 1755 1303 1846; baseline -0.009 -1"><span class='ocrx_word' id='word_1_49' title='bbox 425 1757 587 1846; x_wconf 86' lang='lat' dir='ltr'>indivisi</span> <span class='ocrx_word' id='word_1_50' title='bbox 611 1758 643 1840; x_wconf 89' lang='lat' dir='ltr'>I.</span> <span class='ocrx_word' id='word_1_51' title='bbox 661 1759 725 1842; x_wconf 89' lang='lat' dir='ltr'>De</span> <span class='ocrx_word' id='word_1_52' title='bbox 746 1757 881 1846; x_wconf 89' lang='lat' dir='ltr'>Fluvii</span> <span class='ocrx_word' id='word_1_53' title='bbox 900 1756 1164 1845; x_wconf 82' lang='lat' dir='ltr'>inundatione</span> <span class='ocrx_word' id='word_1_54' title='bbox 1181 1759 1216 1838; x_wconf 93' lang='grc' dir='ltr'>Ι.</span> <span class='ocrx_word' id='word_1_55' title='bbox 1237 1755 1303 1837; x_wconf 91' lang='lat' dir='ltr'>De</span> 
     </span>
    </p>

    <p class='ocr_par' dir='ltr' id='par_1_3' title="bbox 341 1871 1307 2403">
     <span class='ocr_line' id='line_1_10' title="bbox 341 1871 1304 2007; baseline -0.003 -34"><span class='ocrx_word' id='word_1_56' title='bbox 341 1871 345 1882; x_wconf 46' lang='lat'>¹</span> <span class='ocrx_word' id='word_1_57' title='bbox 424 1890 711 2007; x_wconf 86' lang='lat' dir='ltr'>phisionomia.</span> <span class='ocrx_word' id='word_1_58' title='bbox 753 1891 818 1978; x_wconf 89' lang='lat' dir='ltr'>De</span> <span class='ocrx_word' id='word_1_59' title='bbox 851 1919 970 1976; x_wconf 81' lang='lat' dir='ltr'>causa</span> <span class='ocrx_word' id='word_1_60' title='bbox 997 1915 1130 1976; x_wconf 88' lang='lat' dir='ltr'>motus</span> <span class='ocrx_word' id='word_1_61' title='bbox 1161 1894 1304 1973; x_wconf 83' lang='lat' dir='ltr'>anima·</span> 
     </span>
     <span class='ocr_line' id='line_1_11' title="bbox 347 2019 1304 2112; baseline -0.002 -7"><span class='ocrx_word' id='word_1_62' title='bbox 347 2032 350 2041; x_wconf 87' lang='lat'>&#39;</span> <span class='ocrx_word' id='word_1_63' title='bbox 426 2019 539 2106; x_wconf 90' lang='lat' dir='ltr'>lium.</span> <span class='ocrx_word' id='word_1_64' title='bbox 568 2022 632 2106; x_wconf 91' lang='lat' dir='ltr'>De</span> <span class='ocrx_word' id='word_1_65' title='bbox 653 2028 749 2109; x_wconf 87' lang='lat' dir='ltr'>vita.</span> <span class='ocrx_word' id='word_1_66' title='bbox 773 2025 838 2108; x_wconf 93' lang='lat' dir='ltr'>De</span> <span class='ocrx_word' id='word_1_67' title='bbox 859 2053 979 2109; x_wconf 90' lang='lat' dir='ltr'>sensu</span> <span class='ocrx_word' id='word_1_68' title='bbox 991 2049 1031 2112; x_wconf 90' lang='lat' dir='ltr'>et</span> <span class='ocrx_word' id='word_1_69' title='bbox 1047 2049 1223 2110; x_wconf 81' lang='lat' dir='ltr'>sensato.</span> <span class='ocrx_word' id='word_1_70' title='bbox 1239 2022 1304 2103; x_wconf 88' lang='lat' dir='ltr'>De</span> 
     </span>
     <span class='ocr_line' id='line_1_12' title="bbox 425 2152 1304 2243; baseline 0.001 -5"><span class='ocrx_word' id='word_1_71' title='bbox 425 2161 618 2241; x_wconf 89' lang='lat' dir='ltr'>memoria</span> <span class='ocrx_word' id='word_1_72' title='bbox 647 2152 688 2238; x_wconf 78' lang='lat' dir='ltr'>e&#39;t</span> <span class='ocrx_word' id='word_1_73' title='bbox 714 2162 1024 2243; x_wconf 82' lang='lat' dir='ltr'>reminiscentia.</span> <span class='ocrx_word' id='word_1_74' title='bbox 1058 2157 1122 2240; x_wconf 91' lang='lat' dir='ltr'>De</span> <span class='ocrx_word' id='word_1_75' title='bbox 1159 2182 1304 2241; x_wconf 88' lang='lat' dir='ltr'>somno</span> 
     </span>
     <span class='ocr_line' id='line_1_13' title="bbox 428 2287 1307 2403; baseline 0.001 -34"><span class='ocrx_word' id='word_1_76' title='bbox 428 2314 469 2372; x_wconf 87' lang='lat' dir='ltr'>et</span> <span class='ocrx_word' id='word_1_77' title='bbox 494 2287 647 2403; x_wconf 82' lang='lat' dir='ltr'>vigiIia.</span> <span class='ocrx_word' id='word_1_78' title='bbox 670 2291 733 2373; x_wconf 90' lang='lat' dir='ltr'>De</span> <span class='ocrx_word' id='word_1_79' title='bbox 752 2296 896 2376; x_wconf 84' lang='lat' dir='ltr'>causis.</span> <span class='ocrx_word' id='word_1_80' title='bbox 921 2292 985 2374; x_wconf 92' lang='lat' dir='ltr'>De</span> <span class='ocrx_word' id='word_1_81' title='bbox 1002 2289 1111 2376; x_wconf 82' lang='lat' dir='ltr'>bona</span> <span class='ocrx_word' id='word_1_82' title='bbox 1131 2292 1307 2374; x_wconf 86' lang='lat' dir='ltr'>fortuna.</span> 
     </span>
    </p>

    <p class='ocr_par' dir='ltr' id='par_1_4' title="bbox 396 2418 1308 2790">
     <span class='ocr_line' id='line_1_14' title="bbox 396 2418 1307 2538; baseline 0.002 -38"><span class='ocrx_word' id='word_1_83' title='bbox 396 2471 399 2476; x_wconf 92' lang='lat'>-</span> <span class='ocrx_word' id='word_1_84' title='bbox 428 2418 493 2504; x_wconf 92' lang='lat' dir='ltr'>De</span> <span class='ocrx_word' id='word_1_85' title='bbox 520 2419 777 2538; x_wconf 83' lang='lat' dir='ltr'>longitudine</span> <span class='ocrx_word' id='word_1_86' title='bbox 805 2448 847 2508; x_wconf 84' lang='lat' dir='ltr'>et</span> <span class='ocrx_word' id='word_1_87' title='bbox 875 2422 1071 2511; x_wconf 85' lang='lat' dir='ltr'>brevitate</span> <span class='ocrx_word' id='word_1_88' title='bbox 1095 2427 1201 2510; x_wconf 87' lang='lat' dir='ltr'>vitae.</span> <span class='ocrx_word' id='word_1_89' title='bbox 1243 2422 1307 2503; x_wconf 89' lang='lat' dir='ltr'>De</span> 
     </span>
     <span class='ocr_line' id='line_1_15' title="bbox 428 2547 1308 2665; baseline -0.002 -29"><span class='ocrx_word' id='word_1_90' title='bbox 428 2547 636 2665; x_wconf 85' lang='lat' dir='ltr'>juventute</span> <span class='ocrx_word' id='word_1_91' title='bbox 678 2580 718 2633; x_wconf 91' lang='lat' dir='ltr'>et</span> <span class='ocrx_word' id='word_1_92' title='bbox 762 2583 981 2641; x_wconf 82' lang='lat' dir='ltr'>senectute.</span> <span class='ocrx_word' id='word_1_93' title='bbox 1032 2559 1098 2639; x_wconf 92' lang='lat' dir='ltr'>De</span> <span class='ocrx_word' id='word_1_94' title='bbox 1141 2561 1224 2639; x_wconf 87' lang='lat' dir='ltr'>vita</span> <span class='ocrx_word' id='word_1_95' title='bbox 1269 2574 1308 2634; x_wconf 91' lang='lat' dir='ltr'>et</span> 
     </span>
     <span class='ocr_line' id='line_1_16' title="bbox 429 2679 1307 2790; baseline -0.003 -22"><span class='ocrx_word' id='word_1_96' title='bbox 429 2709 573 2768; x_wconf 85' lang='lat' dir='ltr'>morte.</span> <span class='ocrx_word' id='word_1_97' title='bbox 608 2680 884 2790; x_wconf 84' lang='lat' dir='ltr'>Metaphisicae</span> <span class='ocrx_word' id='word_1_98' title='bbox 913 2679 1005 2766; x_wconf 89' lang='lat' dir='ltr'>libri</span> <span class='ocrx_word' id='word_1_99' title='bbox 1033 2680 1133 2764; x_wconf 91' lang='lat' dir='ltr'>XII.</span> <span class='ocrx_word' id='word_1_100' title='bbox 1166 2680 1307 2767; x_wconf 86' lang='lat' dir='ltr'>In·fol.</span> 
     </span>
    </p>

    <p class='ocr_par' dir='ltr' id='par_1_5' title="bbox 289 2852 1341 3543">
     <span class='ocr_line' id='line_1_17' title="bbox 473 2852 1341 2948; baseline 0.005 -25"><span class='ocrx_word' id='word_1_101' title='bbox 473 2852 510 2923; x_wconf 96' lang='lat' dir='ltr'>In</span> <span class='ocrx_word' id='word_1_102' title='bbox 543 2878 681 2948; x_wconf 87' lang='lat' dir='ltr'>quotum</span> <span class='ocrx_word' id='word_1_103' title='bbox 719 2852 782 2922; x_wconf 86' lang='lat' dir='ltr'>fine</span> <span class='ocrx_word' id='word_1_104' title='bbox 819 2852 962 2947; x_wconf 86' lang='lat' dir='ltr'>legitur:</span> <span class='ocrx_word' id='word_1_105' title='bbox 996 2854 1181 2946; x_wconf 81' lang='lat' dir='ltr'>Expliciunt</span> <span class='ocrx_word' id='word_1_106' title='bbox 1219 2882 1309 2948; x_wconf 83' lang='lat' dir='ltr'>opera</span> <span class='ocrx_word' id='word_1_107' title='bbox 1339 2860 1341 2864; x_wconf 74' lang='grc'>’</span> 
     </span>
     <span class='ocr_line' id='line_1_18' title="bbox 289 2964 1309 3065; baseline 0.001 -23"><span class='ocrx_word' id='word_1_108' title='bbox 289 3017 291 3020; x_wconf 78' lang='lat'>.</span> <span class='ocrx_word' id='word_1_109' title='bbox 424 2964 601 3042; x_wconf 80' lang='lat' dir='ltr'>&#39;Aristotelis</span> <span class='ocrx_word' id='word_1_110' title='bbox 627 2972 662 3040; x_wconf 79' lang='lat' dir='ltr'>de</span> <span class='ocrx_word' id='word_1_111' title='bbox 685 2973 824 3040; x_wconf 82' lang='lat' dir='ltr'>naturali</span> <span class='ocrx_word' id='word_1_112' title='bbox 844 2973 1043 3063; x_wconf 75' lang='lat' dir='ltr'>philosophia</span> <span class='ocrx_word' id='word_1_113' title='bbox 1069 2975 1219 3065; x_wconf 68' lang='lat' dir='ltr'>impressa,</span> <span class='ocrx_word' id='word_1_114' title='bbox 1250 2980 1309 3043; x_wconf 82' lang='lat' dir='ltr'>Ve-</span> 
     </span>
     <span class='ocr_line' id='line_1_19' title="bbox 428 3091 1309 3198; baseline 0.006 -40"><span class='ocrx_word' id='word_1_115' title='bbox 428 3092 517 3198; x_wconf 72' lang='lat' dir='ltr'>netiis</span> <span class='ocrx_word' id='word_1_116' title='bbox 546 3092 618 3157; x_wconf 84' lang='lat' dir='ltr'>duce</span> <span class='ocrx_word' id='word_1_117' title='bbox 645 3091 749 3158; x_wconf 80' lang='lat' dir='ltr'>inclito</span> <span class='ocrx_word' id='word_1_118' title='bbox 775 3092 900 3161; x_wconf 83' lang='lat' dir='ltr'>Joanne</span> <span class='ocrx_word' id='word_1_119' title='bbox 932 3092 1088 3161; x_wconf 77' lang='lat' dir='ltr'>Motenico</span> <span class='ocrx_word' id='word_1_120' title='bbox 1111 3119 1170 3184; x_wconf 83' lang='lat' dir='ltr'>per</span> <span class='ocrx_word' id='word_1_121' title='bbox 1198 3097 1309 3191; x_wconf 78' lang='lat' dir='ltr'>magis·</span> 
     </span>
     <span class='ocr_line' id='line_1_20' title="bbox 427 3212 1311 3305; baseline 0.002 -24"><span class='ocrx_word' id='word_1_122' title='bbox 427 3232 508 3281; x_wconf 79' lang='lat' dir='ltr'>trum</span> <span class='ocrx_word' id='word_1_123' title='bbox 541 3212 693 3303; x_wconf 68' lang='lat' dir='ltr'>Philippu</span> <span class='ocrx_word' id='word_1_124' title='bbox 735 3214 883 3280; x_wconf 76' lang='lat' dir='ltr'>Venetam</span> <span class='ocrx_word' id='word_1_125' title='bbox 914 3212 1036 3304; x_wconf 80' lang='lat' dir='ltr'>ejusque</span> <span class='ocrx_word' id='word_1_126' title='bbox 1067 3216 1212 3305; x_wconf 81' lang='lat' dir='ltr'>impensis</span> <span class='ocrx_word' id='word_1_127' title='bbox 1242 3217 1311 3301; x_wconf 82' lang='lat' dir='ltr'>dili·</span> 
     </span>
     <span class='ocr_line' id='line_1_21' title="bbox 426 3331 1310 3425; baseline 0.002 -26"><span class='ocrx_word' id='word_1_128' title='bbox 426 3331 599 3425; x_wconf 71' lang='lat' dir='ltr'>gentissimo</span> <span class='ocrx_word' id='word_1_129' title='bbox 645 3332 814 3403; x_wconf 84' lang='lat' dir='ltr'>emendata.</span> <span class='ocrx_word' id='word_1_130' title='bbox 862 3357 949 3400; x_wconf 82' lang='lat' dir='ltr'>anno</span> <span class='ocrx_word' id='word_1_131' title='bbox 994 3335 1112 3401; x_wconf 84' lang='lat' dir='ltr'>domini</span> <span class='ocrx_word' id='word_1_132' title='bbox 1152 3335 1310 3404; x_wconf 85' lang='lat' dir='ltr'>millesimo</span> 
     </span>
     <span class='ocr_line' id='line_1_22' title="bbox 428 3447 1311 3543; baseline 0.005 -26"><span class='ocrx_word' id='word_1_133' title='bbox 428 3447 565 3520; x_wconf 87' lang='lat' dir='ltr'><strong>CCCC.</strong></span> <span class='ocrx_word' id='word_1_134' title='bbox 594 3448 769 3519; x_wconf 85' lang='lat' dir='ltr'>LXXXII.</span> <span class='ocrx_word' id='word_1_135' title='bbox 797 3452 897 3543; x_wconf 79' lang='lat' dir='ltr'>pridie</span> <span class='ocrx_word' id='word_1_136' title='bbox 925 3452 1039 3521; x_wconf 87' lang='lat' dir='ltr'>Nonas</span> <span class='ocrx_word' id='word_1_137' title='bbox 1059 3454 1191 3543; x_wconf 85' lang='lat' dir='ltr'>Aprilis.</span> <span class='ocrx_word' id='word_1_138' title='bbox 1214 3450 1311 3521; x_wconf 83' lang='lat' dir='ltr'>Clau·</span> 
     </span>
    </p>
   </div>
   <div class='ocr_carea' id='block_1_3' title="bbox 430 3566 1310 3785">
    <p class='ocr_par' dir='ltr' id='par_1_6' title="bbox 430 3566 1310 3785">
     <span class='ocr_line' id='line_1_23' title="bbox 430 3566 1310 3665; baseline 0 -27"><span class='ocrx_word' id='word_1_139' title='bbox 430 3566 512 3639; x_wconf 82' lang='lat' dir='ltr'>‹litur</span> <span class='ocrx_word' id='word_1_140' title='bbox 533 3568 687 3640; x_wconf 87' lang='lat' dir='ltr'>volumen</span> <span class='ocrx_word' id='word_1_141' title='bbox 714 3594 789 3640; x_wconf 82' lang='lat' dir='ltr'>curn</span> <span class='ocrx_word' id='word_1_142' title='bbox 812 3570 969 3665; x_wconf 89' lang='lat' dir='ltr'>opusculo</span> <span class='ocrx_word' id='word_1_143' title='bbox 993 3571 1146 3641; x_wconf 80' lang='lat' dir='ltr'>Averrois</span> <span class='ocrx_word' id='word_1_144' title='bbox 1168 3572 1203 3640; x_wconf 83' lang='lat' dir='ltr'>de</span> <span class='ocrx_word' id='word_1_145' title='bbox 1226 3572 1310 3640; x_wconf 84' lang='lat' dir='ltr'>subs·</span> 
     </span>
     <span class='ocr_line' id='line_1_24' title="bbox 432 3688 1292 3785; baseline 0.002 -25"><span class='ocrx_word' id='word_1_146' title='bbox 432 3688 535 3760; x_wconf 66' lang='lat' dir='ltr'>santis</span> <span class='ocrx_word' id='word_1_147' title='bbox 546 3688 631 3757; x_wconf 88' lang='lat' dir='ltr'>orbis</span> <span class='ocrx_word' id='word_1_148' title='bbox 649 3708 682 3758; x_wconf 92' lang='lat' dir='ltr'>et</span> <span class='ocrx_word' id='word_1_149' title='bbox 695 3714 762 3759; x_wconf 91' lang='lat' dir='ltr'>uno</span> <span class='ocrx_word' id='word_1_150' title='bbox 776 3688 856 3759; x_wconf 88' lang='lat' dir='ltr'>folio</span> <span class='ocrx_word' id='word_1_151' title='bbox 873 3689 1004 3783; x_wconf 85' lang='lat' dir='ltr'>registri.</span> <span class='ocrx_word' id='word_1_152' title='bbox 1024 3690 1112 3760; x_wconf 72' lang='lat' dir='ltr'>folia</span> <span class='ocrx_word' id='word_1_153' title='bbox 1124 3690 1292 3785; x_wconf 86' lang='lat' dir='ltr'>signantur.</span> 
     </span>
    </p>
   </div>
   <div class='ocr_carea' id='block_1_4' title="bbox 480 3823 1103 3905">
    <p class='ocr_par' dir='ltr' id='par_1_7' title="bbox 480 3823 1103 3905">
     <span class='ocr_line' id='line_1_25' title="bbox 480 3823 1103 3905; baseline 0.005 -6"><span class='ocrx_word' id='word_1_154' title='bbox 480 3823 620 3900; x_wconf 69' lang='lat' dir='ltr'>torno</span> <span class='ocrx_word' id='word_1_155' title='bbox 640 3844 812 3901; x_wconf 69' lang='lat' dir='ltr'>turonus</span> <span class='ocrx_word' id='word_1_156' title='bbox 831 3843 1103 3905; x_wconf 59' lang='lat' dir='ltr'>tinnuerunt.</span> 
     </span>
    </p>
   </div>
   <div class='ocr_carea' id='block_1_5' title="bbox 0 0 1648 5075">
    <p class='ocr_par' dir='ltr' id='par_1_8' title="bbox 0 0 1648 5075">
     <span class='ocr_line' id='line_1_26' title="bbox 0 0 1648 5075; baseline 0 0"><span class='ocrx_word' id='word_1_157' title='bbox 0 0 1648 5075; x_wconf 95' lang='lat' dir='ltr'> </span> 
     </span>
    </p>
   </div>
  </div>
 </body>
</html>
