3259 5075
559 537 770 614 ἈΝΝΟ
824 540 929 635 1482.
1163 568 1205 648 55
1334 489 1344 506 ο

289 717 314 774 a
343 682 547 769 Athanasii
574 679 777 794 (Sancti)
806 711 908 794 opus
936 704 1078 768 contra
1099 683 1210 769 Gen·

342 815 426 901 tiles
448 840 489 898 et
514 815 736 899 Haereticos
768 819 1035 901 err-versione
1063 815 1208 900 Omni·

340 950 437 1035 boni
459 949 681 1033 Leoniceni
702 974 852 1034 etcum
873 945 955 1061 ejus
978 950 1210 1060 praefatione

231 1140 236 1151 ·
341 1081 390 1166 ad
419 1076 582 1167 Paulum
608 1081 755 1192 Papam
786 1085 851 1169 ΙΙ.
877 1081 1102 1198 Impressrtm
1134 1084 1179 1166 V
1174 1085 1210 1164 i·

343 1214 466 1298 cantica
492 1248 516 1295 a
541 1213 738 1298 [eonardo
769 1214 809 1298 B
812 1216 987 1298 osileensi
1013 1215 1212 1328 cupidissi-

343 1379 396 1428 me
407 1376 443 1429 et
453 1347 724 1430 studiosissime
738 1349 802 1433 M·
817 1348 982 1435 CCCC.
995 1345 1212 1439 LXXXII.

348 1482 422 1563 cal.
448 1479 629 1609 Febntor.
660 1479 805 1565 In·fol.

385 1651 617 1724 Praemittuntur
641 1653 784 1749 epistolae
809 1652 896 1725 Bruti
921 1651 1072 1751 Episcopi
1093 1650 1216 1722 Catha-

341 1772 433 1841 rensis
455 1771 495 1842 ad
516 1772 694 1844 Barnabam
718 1772 918 1866 Celsanum,
935 1790 974 1844 'et
999 1771 1151 1843 Barnabae
1176 1766 1217 1839 ad

342 1889 492 1981 Brutum,
517 1892 574 1961 sub
601 1917 687 1964 anno
722 1891 825 1984 1481.
1049 1895 1052 1900 ’

302 2112 320 2198 3
350 2086 594 2176 Octavianus
618 2088 836 2177 advocatus
864 2090 916 2175 de
939 2087 1025 2177 viti
1045 2113 1086 2175 et
1109 2090 1220 2172 mira·

349 2216 446 2306 culis
472 2222 608 2308 Sancti
637 2226 928 2312 Bonaventurae
953 2222 1004 2308 ad
1027 2218 1222 2306 Cardina·

349 2349 423 2437 lem
448 2357 472 2445 J
475 2354 652 2441 ulianum
673 2356 723 2442 de
747 2359 985 2463 Ruverer0,
1013 2383 1106 2438 cum
1128 2381 1224 2462 prae-

349 2483 497 2573 satione
542 2490 636 2580 Joh.
682 2486 855 2600 Philippi
894 2486 944 2571 de
985 2487 1225 2597 Lignamine

345 2616 431 2702 divi
457 2624 559 2702 Sixti
589 2628 720 2733 quarti
744 2618 955 2702 Pontificis
979 2618 1142 2700 maximi
1166 2612 1225 2695 fa·

352 2748 537 2854 niliacis,
561 2755 606 2832 in
628 2746 709 2863 quai
734 2756 819 2868 agit
842 2748 893 2835 de
916 2750 1228 2834 canonizatione

347 2879 459 2994 hujus
486 2883 657 2989 Sancti,
685 2879 790 2966 facti
817 2911 927 2967 anno
954 2885 1094 2987 1482,
1123 2906 1227 2990 pon-

353 3014 522 3103 tificatis
544 3017 648 3102 Sixti
663 3019 726 3106 IV
748 3043 859 3100 anno
875 3016 965 3123 XI,
994 3018 1038 3097 in
1063 3006 1230 3098 ecclesii

356 3149 488 3236 Sancti
515 3150 636 3234 Petri.
668 3151 800 3260 Iri-40.

394 3339 593 3413 Praemitritur
621 3341 720 3437 figura
748 3336 931 3428 Crucifixi,
956 3335 1019 3435 qui
1044 3332 1234 3425 numerati,‘

350 3458 442 3530 habet
482 3483 521 3529 21
565 3459 652 3533 folia.
691 3459 867 3530 Character
895 3455 1043 3552 grandior
1077 3454 1232 3549 gothicus.

350 3574 443 3648 Hunc
472 3576 552 3648 adde
588 3578 692 3650 adhuc
722 3577 844 3649 omissis
872 3602 891 3645 a
917 3573 955 3645 P.
990 3571 1192 3669 Audiffredy.

311 3799 336 3872 4
358 3773 530 3891 Philippi
553 3773 739 3863 Beroaldi
763 3778 1035 3863 Bononiensis
1063 3794 1234 3856 annota-

466 3947 467 3950 ’
996 3906 1033 3977 D
1055 3906 1089 3978 iv
1209 3972 1211 3977 .
