3259 5075
528 674 561 748 Α
585 675 620 751 Ν
644 676 679 751 Ν
705 677 749 751 0'
794 672 898 776 1496.
1105 689 1180 778 '213'
1211 684 1215 694 “

307 839 335 928 J
336 863 458 923 oann.
488 817 780 924 Grammaticus
795 837 861 922 ·de
883 832 1154 922 idiomatibus.

162 981 165 989 ’
292 971 536 1055 Eustathius
565 970 616 1055 de
639 969 794 1055 iisdem.
982 966 984 968 ’

305 1102 508 1213 Excerpta
529 1102 580 1187 de
608 1101 748 1186 iisdem
772 1128 823 1185 ex
849 1100 1069 1186 Corintho.

305 1233 370 1318 De
397 1233 630 1320 nominibus
663 1237 886 1320 foemininis
922 1257 1012 1347 quae
1042 1237 1184 1328 termi-¹

373 1385 523 1452 nentur
548 1397 639 1452 cum
669 1380 713 1449 ὼ.
735 1364 872 1487 In-foI.
893 1367 1050 1453 Graece.

345 1559 381 1632 ln
397 1559 461 1630 fine
479 1557 591 1654 legitur
605 1584 614 1636 ;
635 1559 776 1636 Veneriis·
788 1560 821 1628 in
839 1561 930 1641 domo
947 1559 1027 1642 Alai
1042 1557 1184 1626 Romani

298 1700 421 1748 summa
444 1702 518 1746 cura
539 1679 696 1768 laboreque
711 1703 895 1774 praemagno
914 1703 1015 1761 naensc
1038 1677 1184 1774 Augusto

297 1796 340 1863 M
362 1797 425 1865 iiii
446 1797 498 1867 D.
543 1825 546 1830 ·

313 2007 317 2015 .
344 1953 439 2023 Extat
457 1951 491 2022 in
513 1951 670 2050 principio
695 1953 808 2027 folium
830 1953 982 2026 exhibens
1004 1954 1129 2032 titulum
1150 1972 1184 2026 et
1306 1936 1308 1939 ⁵

297 2067 434 2142 indicem
452 2095 588 2166 operum
605 2073 763 2158 relatum;
786 2070 962 2144 secunditm
985 2071 1066 2144 verb
1087 2071 1185 2150 refert
1239 2075 1244 2086 '

297 2188 463 2283 epistolam
480 2188 556 2260 Aldi
573 2189 716 2261 Manucii
733 2190 882 2260 Basianas
904 2189 1045 2260 Romani
1063 2190 1103 2260 ad
1118 2211 1184 2262 stu·

295 2306 405 2378 diosos
425 2308 457 2375 in
472 2305 536 2403 qud
546 2307 587 2378 de
604 2307 784 2379 auctoribus
793 2306 919 2395 xGraecis
937 2306 1025 2378 etde
1043 2305 1098 2378 sud
1110 2305 1183 2405 Ty-

297 2422 474 2520 pograpbid
495 2425 637 2496 discurrit
654 2443 687 2495 et
705 2424 746 2494 de
766 2420 834 2513 ejus
850 2423 927 2497 curti
941 2426 978 2494 'in
994 2423 1123 2496 edendis
1141 2425 1184 2494 li·

294 2544 368 2619 bris.
381 2543 476 2615 Hanc
488 2543 655 2637 epistolam
665 2544 804 2640 sequitur
816 2543 913 2614 altera
925 2543 1043 2639 Angeli
1053 2542 1184 2614 Politia·
1313 2627 1320 2632 .

296 2663 330 2733 ni
348 2659 388 2732 ad
407 2661 566 2740 Varinum
587 2681 751 2736 curantem
769 2658 809 2733 de
827 2662 888 2736 hac
906 2661 1056 2734 editione.
1080 2661 1183 2733 Unde

296 2796 419 2852 textum
437 2780 574 2851 thesauri
596 2804 638 2852 10
655 2779 731 2851 folia
746 2780 929 2875 praecedere
945 2778 1073 2857 debent.
1094 2781 1184 2852 Folia

295 2898 436 2971 Arabicd
456 2918 662 2972 numerantur
687 2922 781 2992 270,
805 2918 839 2974 et
854 2898 1038 2995 signantur;
1055 2897 1111 2969 sed
1127 2898 1183 2970 de-

295 3015 481 3089 siderantur
500 3017 647 3090 custodes
676 3036 708 3088 er
739 3018 898 3112 capitales.
932 3016 1018 3089 Vide
1046 3014 1188 3089 Deburo

293 3134 355 3208 ΝΟ.
383 3158 489 3225 2224.
517 3136 612 3208 Unus
639 3153 686 3207 est
711 3161 730 3207 e
756 3135 917 3206 rarissimis
948 3135 1003 3230 qui
1033 3133 1182 3235 prodiere
1268 3213 1272 3222 ,

294 3278 336 3337 ex
359 3254 419 3327 hac
448 3251 601 3341 officin2i3
623 3274 656 3325 et
677 3254 838 3347 exemplar
859 3271 908 3323 est¹
928 3253 1079 3346 elegans,
1105 3278 1180 3324 cum

294 3370 397 3467 primi
419 3370 475 3444 sud
498 3369 630 3480 ligaturi
651 3368 789 3466 antiquit.

247 3600 275 3683 9
311 3567 527 3653 Francbini
568 3569 713 3652 Gafori
754 3564 976 3660 Laudensis
1019 3569 1180 3672 musicae

304 3723 521 3827 actiones,
547 3717 591 3804 in
618 3717 682 3813 IV
711 3717 838 3805 libris.
867 3709 1013 3820 Infol..
1228 3705 1230 3710 ¹

281 3972 283 3976 .
344 3910 383 3993 In
406 3910 468 3999 fine
495 3911 635 4008 legitur:
664 3915 811 4009 impressa
839 3912 1021 3991 Mediolani·
1037 3935 1128 4003 opera
1152 3930 1181 3978 et

934 4048 970 4120 Ο
992 4045 1021 4137 iij
