<?xml version="1.0" encoding="UTF-8"?>
<!DOCTYPE html PUBLIC "-//W3C//DTD XHTML 1.0 Transitional//EN"
    "http://www.w3.org/TR/xhtml1/DTD/xhtml1-transitional.dtd">
<html xmlns="http://www.w3.org/1999/xhtml" xml:lang="en" lang="en">
 <head>
  <title>
</title>
<meta http-equiv="Content-Type" content="text/html;charset=utf-8" />
  <meta name='ocr-system' content='tesseract 3.04.00' />
  <meta name='ocr-capabilities' content='ocr_page ocr_carea ocr_par ocr_line ocrx_word'/>
</head>
<body>
  <div class='ocr_page' id='page_1' title='image "./indexlibrorumab02lairgoog_0068.png"; bbox 0 0 3259 5075; ppageno 0'>
   <div class='ocr_carea' id='block_1_1' title="bbox 358 535 1012 638">
    <p class='ocr_par' dir='ltr' id='par_1_1' title="bbox 358 535 1012 638">
     <span class='ocr_line' id='line_1_1' title="bbox 358 535 1012 638; baseline -0.012 -26"><span class='ocrx_word' id='word_1_1' title='bbox 358 539 400 638; x_wconf 80' lang='lat'>58</span> <span class='ocrx_word' id='word_1_2' title='bbox 620 535 1012 607; x_wconf 77' lang='lat' dir='ltr'>uruntsun</span> 
     </span>
    </p>
   </div>
   <div class='ocr_carea' id='block_1_2' title="bbox 316 673 1282 884">
    <p class='ocr_par' dir='ltr' id='par_1_2' title="bbox 316 673 1282 884">
     <span class='ocr_line' id='line_1_2' title="bbox 316 673 1282 783; baseline -0.003 -18"><span class='ocrx_word' id='word_1_3' title='bbox 316 673 320 681; x_wconf 29' lang='grc' dir='ltr'>Ι</span> <span class='ocrx_word' id='word_1_4' title='bbox 401 699 437 765; x_wconf 81' lang='lat' dir='ltr'>de</span> <span class='ocrx_word' id='word_1_5' title='bbox 463 716 593 765; x_wconf 86' lang='lat' dir='ltr'>maestro</span> <span class='ocrx_word' id='word_1_6' title='bbox 621 696 769 765; x_wconf 80' lang='lat' dir='ltr'>salvador</span> <span class='ocrx_word' id='word_1_7' title='bbox 792 694 845 761; x_wconf 75' lang='lat' dir='ltr'>ihu</span> <span class='ocrx_word' id='word_1_8' title='bbox 871 685 937 782; x_wconf 52' lang='lat' dir='ltr'>xio</span> <span class='ocrx_word' id='word_1_9' title='bbox 963 693 1083 761; x_wconf 84' lang='lat' dir='ltr'>millet</span> <span class='ocrx_word' id='word_1_10' title='bbox 1107 713 1282 783; x_wconf 84' lang='lat' dir='ltr'>quatrocen·</span> 
     </span>
     <span class='ocr_line' id='line_1_3' title="bbox 401 813 914 884; baseline -0.004 0"><span class='ocrx_word' id='word_1_11' title='bbox 401 837 448 884; x_wconf 87' lang='lat' dir='ltr'>tos</span> <span class='ocrx_word' id='word_1_12' title='bbox 474 837 502 882; x_wconf 85' lang='lat' dir='ltr'>et</span> <span class='ocrx_word' id='word_1_13' title='bbox 531 815 657 882; x_wconf 80' lang='lat' dir='ltr'>ocltenta</span> <span class='ocrx_word' id='word_1_14' title='bbox 687 833 716 880; x_wconf 87' lang='lat' dir='ltr'>et</span> <span class='ocrx_word' id='word_1_15' title='bbox 736 813 791 880; x_wconf 81' lang='lat' dir='ltr'>dos</span> <span class='ocrx_word' id='word_1_16' title='bbox 824 835 914 882; x_wconf 73' lang='lat' dir='ltr'>anos,</span> 
     </span>
    </p>
   </div>
   <div class='ocr_carea' id='block_1_3' title="bbox 335 947 1354 3768">
    <p class='ocr_par' dir='ltr' id='par_1_3' title="bbox 335 947 1354 2348">
     <span class='ocr_line' id='line_1_4' title="bbox 449 947 1281 1044; baseline -0.004 -22"><span class='ocrx_word' id='word_1_17' title='bbox 449 950 623 1022; x_wconf 86' lang='lat' dir='ltr'>Character</span> <span class='ocrx_word' id='word_1_18' title='bbox 650 968 697 1019; x_wconf 90' lang='lat' dir='ltr'>est</span> <span class='ocrx_word' id='word_1_19' title='bbox 718 949 887 1044; x_wconf 86' lang='lat' dir='ltr'>gothicus,</span> <span class='ocrx_word' id='word_1_20' title='bbox 909 967 942 1018; x_wconf 85' lang='lat' dir='ltr'>et</span> <span class='ocrx_word' id='word_1_21' title='bbox 962 949 1085 1044; x_wconf 73' lang='lat' dir='ltr'>pagine</span> <span class='ocrx_word' id='word_1_22' title='bbox 1108 973 1176 1018; x_wconf 90' lang='lat' dir='ltr'>non</span> <span class='ocrx_word' id='word_1_23' title='bbox 1195 947 1281 1019; x_wconf 86' lang='lat' dir='ltr'>diui-</span> 
     </span>
     <span class='ocr_line' id='line_1_5' title="bbox 401 1066 1354 1162; baseline -0.001 -23"><span class='ocrx_word' id='word_1_24' title='bbox 401 1067 515 1140; x_wconf 85' lang='lat' dir='ltr'>duntur</span> <span class='ocrx_word' id='word_1_25' title='bbox 530 1069 562 1137; x_wconf 91' lang='lat' dir='ltr'>in</span> <span class='ocrx_word' id='word_1_26' title='bbox 579 1068 754 1140; x_wconf 82' lang='lat' dir='ltr'>columnas.</span> <span class='ocrx_word' id='word_1_27' title='bbox 776 1067 883 1137; x_wconf 89' lang='lat' dir='ltr'>Habet</span> <span class='ocrx_word' id='word_1_28' title='bbox 900 1066 1080 1162; x_wconf 84' lang='lat' dir='ltr'>signaturas.</span> <span class='ocrx_word' id='word_1_29' title='bbox 1094 1066 1280 1155; x_wconf 87' lang='lat' dir='ltr'>Meerrnan,</span> <span class='ocrx_word' id='word_1_30' title='bbox 1350 1147 1354 1152; x_wconf 47' lang='grc'>,</span> 
     </span>
     <span class='ocr_line' id='line_1_6' title="bbox 399 1185 1281 1283; baseline 0.001 -28"><span class='ocrx_word' id='word_1_31' title='bbox 399 1191 475 1282; x_wconf 79' lang='lat' dir='ltr'>orig.</span> <span class='ocrx_word' id='word_1_32' title='bbox 503 1209 622 1283; x_wconf 49' lang='grc' dir='ltr'><strong><em>φρομ.</em></strong></span> <span class='ocrx_word' id='word_1_33' title='bbox 650 1210 724 1258; x_wconf 79' lang='lat' dir='ltr'>torn.</span> <span class='ocrx_word' id='word_1_34' title='bbox 751 1189 905 1274; x_wconf 84' lang='lat' dir='ltr'>secando,</span> <span class='ocrx_word' id='word_1_35' title='bbox 934 1212 1011 1282; x_wconf 78' lang='lat' dir='ltr'>pag.</span> <span class='ocrx_word' id='word_1_36' title='bbox 1053 1185 1118 1256; x_wconf 89' lang='lat'>128</span> <span class='ocrx_word' id='word_1_37' title='bbox 1143 1241 1155 1272; x_wconf 94' lang='lat'>‚</span> <span class='ocrx_word' id='word_1_38' title='bbox 1184 1187 1281 1257; x_wconf 88' lang='lat' dir='ltr'>refert</span> 
     </span>
     <span class='ocr_line' id='line_1_7' title="bbox 401 1302 1279 1403; baseline -0.002 -28"><span class='ocrx_word' id='word_1_39' title='bbox 401 1307 533 1403; x_wconf 69' lang='lat' dir='ltr'>alteram</span> <span class='ocrx_word' id='word_1_40' title='bbox 557 1303 728 1375; x_wconf 87' lang='lat' dir='ltr'>editionem</span> <span class='ocrx_word' id='word_1_41' title='bbox 753 1305 869 1376; x_wconf 85' lang='lat' dir='ltr'>factam</span> <span class='ocrx_word' id='word_1_42' title='bbox 895 1305 1003 1400; x_wconf 87' lang='lat' dir='ltr'>Burgis</span> <span class='ocrx_word' id='word_1_43' title='bbox 1014 1357 1026 1391; x_wconf 92' lang='lat'><strong><em>,</em></strong></span> <span class='ocrx_word' id='word_1_44' title='bbox 1049 1329 1135 1374; x_wconf 88' lang='lat' dir='ltr'>anno</span> <span class='ocrx_word' id='word_1_45' title='bbox 1166 1302 1279 1399; x_wconf 81' lang='lat'>1487,</span> 
     </span>
     <span class='ocr_line' id='line_1_8' title="bbox 400 1421 1282 1518; baseline -0.003 -24"><span class='ocrx_word' id='word_1_46' title='bbox 400 1449 456 1518; x_wconf 83' lang='lat' dir='ltr'>per</span> <span class='ocrx_word' id='word_1_47' title='bbox 474 1422 662 1494; x_wconf 85' lang='lat' dir='ltr'>Fridericum</span> <span class='ocrx_word' id='word_1_48' title='bbox 688 1422 728 1494; x_wconf 91' lang='lat' dir='ltr'>de</span> <span class='ocrx_word' id='word_1_49' title='bbox 749 1421 894 1512; x_wconf 69' lang='lat' dir='ltr'>Basile3‚</span> <span class='ocrx_word' id='word_1_50' title='bbox 918 1423 1047 1517; x_wconf 77' lang='lat' dir='ltr'>[forsan</span> <span class='ocrx_word' id='word_1_51' title='bbox 1070 1447 1126 1518; x_wconf 88' lang='lat' dir='ltr'>per</span> <span class='ocrx_word' id='word_1_52' title='bbox 1153 1422 1282 1493; x_wconf 85' lang='lat' dir='ltr'>Frideri-</span> 
     </span>
     <span class='ocr_line' id='line_1_9' title="bbox 401 1541 1282 1640; baseline -0.002 -26"><span class='ocrx_word' id='word_1_53' title='bbox 401 1568 477 1614; x_wconf 85' lang='lat' dir='ltr'>cum</span> <span class='ocrx_word' id='word_1_54' title='bbox 507 1543 571 1613; x_wconf 90' lang='lat' dir='ltr'>Biel</span> <span class='ocrx_word' id='word_1_55' title='bbox 583 1596 594 1630; x_wconf 93' lang='lat'><strong><em>,</em></strong></span> <span class='ocrx_word' id='word_1_56' title='bbox 623 1544 677 1640; x_wconf 92' lang='lat' dir='ltr'>qui</span> <span class='ocrx_word' id='word_1_57' title='bbox 702 1543 785 1614; x_wconf 86' lang='lat' dir='ltr'>circa</span> <span class='ocrx_word' id='word_1_58' title='bbox 818 1566 904 1637; x_wconf 79' lang='lat'>1473</span> <span class='ocrx_word' id='word_1_59' title='bbox 934 1543 1062 1614; x_wconf 86' lang='lat' dir='ltr'>Basileae</span> <span class='ocrx_word' id='word_1_60' title='bbox 1083 1541 1282 1636; x_wconf 86' lang='lat' dir='ltr'>imprimebat</span> 
     </span>
     <span class='ocr_line' id='line_1_10' title="bbox 398 1639 1281 1756; baseline 0.003 -27"><span class='ocrx_word' id='word_1_61' title='bbox 398 1664 539 1752; x_wconf 81' lang='lat' dir='ltr'><em>epistolas</em></span> <span class='ocrx_word' id='word_1_62' title='bbox 552 1661 725 1752; x_wconf 75' lang='lat' dir='ltr'>Gasparini</span> <span class='ocrx_word' id='word_1_63' title='bbox 740 1639 970 1756; x_wconf 69' lang='lat' dir='ltr'>Pergamenus,</span> <span class='ocrx_word' id='word_1_64' title='bbox 984 1659 1025 1730; x_wconf 91' lang='lat' dir='ltr'>de</span> <span class='ocrx_word' id='word_1_65' title='bbox 1037 1686 1102 1756; x_wconf 93' lang='lat' dir='ltr'>quo</span> <span class='ocrx_word' id='word_1_66' title='bbox 1119 1658 1193 1728; x_wconf 86' lang='lat' dir='ltr'>vide</span> <span class='ocrx_word' id='word_1_67' title='bbox 1204 1684 1281 1754; x_wconf 81' lang='lat' dir='ltr'>pag.</span> 
     </span>
     <span class='ocr_line' id='line_1_11' title="bbox 402 1776 1281 1875; baseline -0.001 -26"><span class='ocrx_word' id='word_1_68' title='bbox 402 1802 495 1872; x_wconf 82' lang='lat'>134,</span> <span class='ocrx_word' id='word_1_69' title='bbox 513 1779 573 1848; x_wconf 60' lang='grc' dir='ltr'>ΝΟ.</span> <span class='ocrx_word' id='word_1_70' title='bbox 597 1776 681 1875; x_wconf 88' lang='lat'><strong>89.)</strong></span> <span class='ocrx_word' id='word_1_71' title='bbox 700 1780 740 1849; x_wconf 88' lang='lat' dir='ltr'>Et</span> <span class='ocrx_word' id='word_1_72' title='bbox 760 1804 800 1848; x_wconf 91' lang='lat' dir='ltr'>ex</span> <span class='ocrx_word' id='word_1_73' title='bbox 819 1777 857 1850; x_wconf 63' lang='lat' dir='ltr'>esi</span> <span class='ocrx_word' id='word_1_74' title='bbox 874 1777 1067 1874; x_wconf 87' lang='lat' dir='ltr'>deprompsit</span> <span class='ocrx_word' id='word_1_75' title='bbox 1083 1798 1201 1848; x_wconf 86' lang='lat' dir='ltr'>textum</span> <span class='ocrx_word' id='word_1_76' title='bbox 1218 1802 1281 1871; x_wconf 91' lang='lat' dir='ltr'>pro</span> 
     </span>
     <span class='ocr_line' id='line_1_12' title="bbox 399 1893 1281 1985; baseline -0.002 -19"><span class='ocrx_word' id='word_1_77' title='bbox 399 1898 461 1966; x_wconf 85' lang='lat' dir='ltr'>suis</span> <span class='ocrx_word' id='word_1_78' title='bbox 479 1895 689 1970; x_wconf 87' lang='lat' dir='ltr'><strong>documentis.</strong></span> <span class='ocrx_word' id='word_1_79' title='bbox 715 1896 813 1968; x_wconf 72' lang='lat' dir='ltr'>Unde</span> <span class='ocrx_word' id='word_1_80' title='bbox 835 1917 949 1969; x_wconf 88' lang='lat' dir='ltr'>et-nos</span> <span class='ocrx_word' id='word_1_81' title='bbox 965 1895 1017 1968; x_wconf 86' lang='lat' dir='ltr'>hic</span> <span class='ocrx_word' id='word_1_82' title='bbox 1034 1893 1212 1985; x_wconf 74' lang='lat' dir='ltr'><strong>subjicimus</strong></span> <span class='ocrx_word' id='word_1_83' title='bbox 1228 1895 1281 1964; x_wconf 91' lang='lat' dir='ltr'>in·</span> 
     </span>
     <span class='ocr_line' id='line_1_13' title="bbox 399 2013 1283 2112; baseline -0.002 -28"><span class='ocrx_word' id='word_1_84' title='bbox 399 2033 518 2110; x_wconf 84' lang='lat' dir='ltr'>tegtam</span> <span class='ocrx_word' id='word_1_85' title='bbox 539 2013 630 2104; x_wconf 74' lang='lat' dir='ltr'>hujus</span> <span class='ocrx_word' id='word_1_86' title='bbox 651 2015 796 2087; x_wconf 84' lang='lat' dir='ltr'>editionis</span> <span class='ocrx_word' id='word_1_87' title='bbox 815 2017 1098 2112; x_wconf 85' lang='lat' dir='ltr'>subscriptionem,</span> <span class='ocrx_word' id='word_1_88' title='bbox 1116 2040 1187 2110; x_wconf 87' lang='lat' dir='ltr'>quae</span> <span class='ocrx_word' id='word_1_89' title='bbox 1209 2015 1283 2084; x_wconf 87' lang='lat' dir='ltr'>lon-</span> 
     </span>
     <span class='ocr_line' id='line_1_14' title="bbox 335 2131 1282 2230; baseline -0.001 -28"><span class='ocrx_word' id='word_1_90' title='bbox 335 2135 337 2140; x_wconf 80' lang='grc'><strong>’</strong></span> <span class='ocrx_word' id='word_1_91' title='bbox 397 2134 440 2228; x_wconf 66' lang='lat' dir='ltr'>ge</span> <span class='ocrx_word' id='word_1_92' title='bbox 463 2134 562 2229; x_wconf 82' lang='lat' dir='ltr'>tnagis</span> <span class='ocrx_word' id='word_1_93' title='bbox 582 2134 843 2206; x_wconf 85' lang='lat' dir='ltr'>inservire-valet</span> <span class='ocrx_word' id='word_1_94' title='bbox 873 2160 933 2230; x_wconf 91' lang='lat' dir='ltr'>pro</span> <span class='ocrx_word' id='word_1_95' title='bbox 967 2131 1151 2206; x_wconf 79' lang='lat' dir='ltr'>illustrandis</span> <span class='ocrx_word' id='word_1_96' title='bbox 1181 2152 1282 2228; x_wconf 87' lang='lat' dir='ltr'>typo·</span> 
     </span>
     <span class='ocr_line' id='line_1_15' title="bbox 396 2253 750 2348; baseline 0.011 -29"><span class='ocrx_word' id='word_1_97' title='bbox 396 2253 538 2347; x_wconf 83' lang='lat' dir='ltr'>graphiae</span> <span class='ocrx_word' id='word_1_98' title='bbox 562 2253 750 2348; x_wconf 88' lang='lat' dir='ltr'>primordiis.</span> 
     </span>
    </p>

    <p class='ocr_par' dir='ltr' id='par_1_4' title="bbox 384 2370 1335 3768">
     <span class='ocr_line' id='line_1_16' title="bbox 443 2370 1335 2469; baseline 0.001 -30"><span class='ocrx_word' id='word_1_99' title='bbox 443 2370 478 2439; x_wconf 85' lang='lat' dir='ltr'>In</span> <span class='ocrx_word' id='word_1_100' title='bbox 501 2371 586 2461; x_wconf 78' lang='lat' dir='ltr'>fine,</span> <span class='ocrx_word' id='word_1_101' title='bbox 605 2390 681 2444; x_wconf 71' lang='lat' dir='ltr'>⁴ante</span> <span class='ocrx_word' id='word_1_102' title='bbox 704 2371 989 2469; x_wconf 86' lang='lat' dir='ltr'>subscriptionem,</span> <span class='ocrx_word' id='word_1_103' title='bbox 1014 2373 1083 2444; x_wconf 86' lang='lat' dir='ltr'>haec</span> <span class='ocrx_word' id='word_1_104' title='bbox 1108 2374 1283 2468; x_wconf 83' lang='lat' dir='ltr'>leguntur:</span> <span class='ocrx_word' id='word_1_105' title='bbox 1330 2434 1335 2440; x_wconf 88' lang='lat'><strong>.</strong></span> 
     </span>
     <span class='ocr_line' id='line_1_17' title="bbox 394 2492 1284 2584; baseline 0.001 -27"><span class='ocrx_word' id='word_1_106' title='bbox 394 2513 490 2584; x_wconf 75' lang='lat' dir='ltr'>agera</span> <span class='ocrx_word' id='word_1_107' title='bbox 529 2493 564 2559; x_wconf 83' lang='lat' dir='ltr'>de</span> <span class='ocrx_word' id='word_1_108' title='bbox 602 2517 703 2562; x_wconf 74' lang='lat' dir='ltr'>natan</span> <span class='ocrx_word' id='word_1_109' title='bbox 742 2494 935 2563; x_wconf 84' lang='lat' dir='ltr'>serenissima</span> <span class='ocrx_word' id='word_1_110' title='bbox 964 2495 1108 2584; x_wconf 84' lang='lat' dir='ltr'>princesa</span> <span class='ocrx_word' id='word_1_111' title='bbox 1143 2492 1178 2559; x_wconf 82' lang='lat' dir='ltr'>de</span> <span class='ocrx_word' id='word_1_112' title='bbox 1216 2492 1284 2560; x_wconf 88' lang='lat' dir='ltr'>sin·</span> 
     </span>
     <span class='ocr_line' id='line_1_18' title="bbox 392 2608 1284 2701; baseline 0.008 -28"><span class='ocrx_word' id='word_1_113' title='bbox 392 2612 486 2701; x_wconf 74' lang='lat' dir='ltr'>galat</span> <span class='ocrx_word' id='word_1_114' title='bbox 521 2608 643 2701; x_wconf 79' lang='lat' dir='ltr'>ingenio</span> <span class='ocrx_word' id='word_1_115' title='bbox 676 2611 840 2675; x_wconf 84' lang='lat' dir='ltr'>adornada</span> <span class='ocrx_word' id='word_1_116' title='bbox 875 2613 911 2674; x_wconf 76' lang='lat' dir='ltr'>de</span> <span class='ocrx_word' id='word_1_117' title='bbox 950 2613 1022 2674; x_wconf 78' lang='lat' dir='ltr'>toda</span> <span class='ocrx_word' id='word_1_118' title='bbox 1057 2612 1182 2676; x_wconf 79' lang='lat' dir='ltr'>dotrina</span> <span class='ocrx_word' id='word_1_119' title='bbox 1208 2614 1284 2682; x_wconf 74' lang='lat' dir='ltr'>ala-</span> 
     </span>
     <span class='ocr_line' id='line_1_19' title="bbox 394 2725 1283 2796; baseline 0.004 -5"><span class='ocrx_word' id='word_1_120' title='bbox 394 2725 491 2792; x_wconf 82' lang='lat' dir='ltr'>brada</span> <span class='ocrx_word' id='word_1_121' title='bbox 520 2726 557 2792; x_wconf 86' lang='lat' dir='ltr'>de</span> <span class='ocrx_word' id='word_1_122' title='bbox 583 2728 665 2792; x_wconf 80' lang='lat' dir='ltr'>claro</span> <span class='ocrx_word' id='word_1_123' title='bbox 692 2750 730 2792; x_wconf 81' lang='lat' dir='ltr'>an</span> <span class='ocrx_word' id='word_1_124' title='bbox 758 2726 955 2792; x_wconf 78' lang='lat' dir='ltr'>andimiento</span> <span class='ocrx_word' id='word_1_125' title='bbox 988 2730 1128 2795; x_wconf 83' lang='lat' dir='ltr'>manual.</span> <span class='ocrx_word' id='word_1_126' title='bbox 1159 2729 1211 2796; x_wconf 87' lang='lat' dir='ltr'>asi</span> <span class='ocrx_word' id='word_1_127' title='bbox 1233 2752 1283 2796; x_wconf 85' lang='lat' dir='ltr'>co·</span> 
     </span>
     <span class='ocr_line' id='line_1_20' title="bbox 392 2848 1283 2932; baseline 0.006 -23"><span class='ocrx_word' id='word_1_128' title='bbox 392 2864 444 2909; x_wconf 85' lang='lat' dir='ltr'>mo</span> <span class='ocrx_word' id='word_1_129' title='bbox 473 2867 511 2910; x_wconf 87' lang='lat' dir='ltr'>en</span> <span class='ocrx_word' id='word_1_130' title='bbox 532 2867 653 2911; x_wconf 86' lang='lat' dir='ltr'>socorro</span> <span class='ocrx_word' id='word_1_131' title='bbox 673 2864 800 2932; x_wconf 85' lang='lat' dir='ltr'>paestos</span> <span class='ocrx_word' id='word_1_132' title='bbox 828 2867 952 2911; x_wconf 85' lang='lat' dir='ltr'>ocurren</span> <span class='ocrx_word' id='word_1_133' title='bbox 973 2867 1030 2911; x_wconf 90' lang='lat' dir='ltr'>con</span> <span class='ocrx_word' id='word_1_134' title='bbox 1053 2866 1109 2911; x_wconf 88' lang='lat' dir='ltr'>tan</span> <span class='ocrx_word' id='word_1_135' title='bbox 1131 2848 1283 2915; x_wconf 85' lang='lat' dir='ltr'>marauil-</span> 
     </span>
     <span class='ocr_line' id='line_1_21' title="bbox 394 2962 1282 3039; baseline 0.007 -12"><span class='ocrx_word' id='word_1_136' title='bbox 394 2962 463 3027; x_wconf 77' lang='lat' dir='ltr'>tosa</span> <span class='ocrx_word' id='word_1_137' title='bbox 489 2982 553 3028; x_wconf 86' lang='lat' dir='ltr'>ane</span> <span class='ocrx_word' id='word_1_138' title='bbox 579 2963 614 3028; x_wconf 82' lang='lat' dir='ltr'>de</span> <span class='ocrx_word' id='word_1_139' title='bbox 637 2962 762 3029; x_wconf 84' lang='lat' dir='ltr'>escrenir</span> <span class='ocrx_word' id='word_1_140' title='bbox 787 2963 827 3029; x_wconf 82' lang='lat' dir='ltr'>do</span> <span class='ocrx_word' id='word_1_141' title='bbox 852 2984 1010 3039; x_wconf 78' lang='lat' dir='ltr'>tornamos</span> <span class='ocrx_word' id='word_1_142' title='bbox 1038 2965 1122 3030; x_wconf 88' lang='lat' dir='ltr'>enlas</span> <span class='ocrx_word' id='word_1_143' title='bbox 1151 2963 1282 3034; x_wconf 78' lang='lat' dir='ltr'>bedades</span> 
     </span>
     <span class='ocr_line' id='line_1_22' title="bbox 391 3070 1284 3171; baseline 0.008 -26"><span class='ocrx_word' id='word_1_144' title='bbox 391 3103 502 3146; x_wconf 84' lang='lat' dir='ltr'>aureas</span> <span class='ocrx_word' id='word_1_145' title='bbox 534 3081 794 3168; x_wconf 83' lang='lat' dir='ltr'>restituyendonos</span> <span class='ocrx_word' id='word_1_146' title='bbox 819 3104 881 3170; x_wconf 84' lang='lat' dir='ltr'>por</span> <span class='ocrx_word' id='word_1_147' title='bbox 913 3070 1136 3171; x_wconf 57' lang='lat' dir='ltr'>nultiplieados</span> <span class='ocrx_word' id='word_1_148' title='bbox 1167 3086 1284 3152; x_wconf 85' lang='lat' dir='ltr'>codices</span> 
     </span>
     <span class='ocr_line' id='line_1_23' title="bbox 391 3197 1282 3290; baseline 0.008 -28"><span class='ocrx_word' id='word_1_149' title='bbox 391 3221 429 3263; x_wconf 85' lang='lat' dir='ltr'>en</span> <span class='ocrx_word' id='word_1_150' title='bbox 463 3199 696 3266; x_wconf 85' lang='lat' dir='ltr'>conoscimiento</span> <span class='ocrx_word' id='word_1_151' title='bbox 725 3201 791 3267; x_wconf 81' lang='lat' dir='ltr'>delo</span> <span class='ocrx_word' id='word_1_152' title='bbox 813 3200 938 3290; x_wconf 83' lang='lat' dir='ltr'>pasado</span> <span class='ocrx_word' id='word_1_153' title='bbox 963 3220 1101 3290; x_wconf 81' lang='lat' dir='ltr'>presente</span> <span class='ocrx_word' id='word_1_154' title='bbox 1129 3221 1149 3263; x_wconf 78' lang='lat' dir='ltr'>n</span> <span class='ocrx_word' id='word_1_155' title='bbox 1165 3197 1282 3287; x_wconf 68' lang='lat' dir='ltr'>ficturo</span> 
     </span>
     <span class='ocr_line' id='line_1_24' title="bbox 392 3318 1281 3413; baseline 0.008 -31"><span class='ocrx_word' id='word_1_156' title='bbox 392 3337 481 3384; x_wconf 86' lang='lat' dir='ltr'>tanco</span> <span class='ocrx_word' id='word_1_157' title='bbox 520 3326 616 3408; x_wconf 77' lang='lat' dir='ltr'>quate</span> <span class='ocrx_word' id='word_1_158' title='bbox 654 3320 775 3413; x_wconf 78' lang='lat' dir='ltr'>ingenio</span> <span class='ocrx_word' id='word_1_159' title='bbox 817 3318 956 3386; x_wconf 78' lang='lat' dir='ltr'>humano</span> <span class='ocrx_word' id='word_1_160' title='bbox 991 3319 1147 3412; x_wconf 77' lang='lat' dir='ltr'>eonsegnir</span> <span class='ocrx_word' id='word_1_161' title='bbox 1171 3322 1281 3408; x_wconf 80' lang='lat' dir='ltr'>pnede.</span> 
     </span>
     <span class='ocr_line' id='line_1_25' title="bbox 384 3438 1282 3526; baseline 0.002 -24"><span class='ocrx_word' id='word_1_162' title='bbox 384 3460 449 3526; x_wconf 85' lang='lat' dir='ltr'>por</span> <span class='ocrx_word' id='word_1_163' title='bbox 470 3439 600 3505; x_wconf 84' lang='lat' dir='ltr'>nascion</span> <span class='ocrx_word' id='word_1_164' title='bbox 633 3440 791 3506; x_wconf 83' lang='lat' dir='ltr'>alemanos</span> <span class='ocrx_word' id='word_1_165' title='bbox 822 3462 898 3526; x_wconf 83' lang='lat' dir='ltr'>may</span> <span class='ocrx_word' id='word_1_166' title='bbox 929 3458 1056 3526; x_wconf 77' lang='lat' dir='ltr'>espanes</span> <span class='ocrx_word' id='word_1_167' title='bbox 1090 3458 1111 3500; x_wconf 80' lang='lat' dir='ltr'>a</span> <span class='ocrx_word' id='word_1_168' title='bbox 1133 3438 1282 3504; x_wconf 84' lang='lat' dir='ltr'>continuo</span> 
     </span>
     <span class='ocr_line' id='line_1_26' title="bbox 393 3555 1279 3645; baseline 0.003 -25"><span class='ocrx_word' id='word_1_169' title='bbox 393 3556 563 3624; x_wconf 82' lang='lat' dir='ltr'>inuentores</span> <span class='ocrx_word' id='word_1_170' title='bbox 589 3577 691 3625; x_wconf 82' lang='lat' dir='ltr'>enesta</span> <span class='ocrx_word' id='word_1_171' title='bbox 712 3576 775 3623; x_wconf 85' lang='lat' dir='ltr'>arte</span> <span class='ocrx_word' id='word_1_172' title='bbox 801 3556 837 3622; x_wconf 79' lang='lat' dir='ltr'>de</span> <span class='ocrx_word' id='word_1_173' title='bbox 857 3557 1011 3644; x_wconf 83' lang='lat' dir='ltr'>emprimir</span> <span class='ocrx_word' id='word_1_174' title='bbox 1034 3579 1089 3645; x_wconf 83' lang='lat' dir='ltr'>que</span> <span class='ocrx_word' id='word_1_175' title='bbox 1111 3555 1163 3621; x_wconf 87' lang='lat' dir='ltr'>sin</span> <span class='ocrx_word' id='word_1_176' title='bbox 1186 3579 1279 3623; x_wconf 82' lang='lat' dir='ltr'>enar.</span> 
     </span>
     <span class='ocr_line' id='line_1_27' title="bbox 393 3674 1282 3768; baseline 0.002 -30"><span class='ocrx_word' id='word_1_177' title='bbox 393 3674 502 3739; x_wconf 86' lang='lat' dir='ltr'>diuina</span> <span class='ocrx_word' id='word_1_178' title='bbox 528 3675 609 3768; x_wconf 52' lang='lat' dir='ltr'>denir</span> <span class='ocrx_word' id='word_1_179' title='bbox 629 3700 660 3741; x_wconf 91' lang='lat' dir='ltr'>se</span> <span class='ocrx_word' id='word_1_180' title='bbox 680 3675 786 3763; x_wconf 64' lang='lat' dir='ltr'>puetis.</span> <span class='ocrx_word' id='word_1_181' title='bbox 812 3675 894 3740; x_wconf 85' lang='lat' dir='ltr'>delos</span> <span class='ocrx_word' id='word_1_182' title='bbox 926 3677 1030 3762; x_wconf 85' lang='lat' dir='ltr'>quales</span> <span class='ocrx_word' id='word_1_183' title='bbox 1058 3676 1217 3741; x_wconf 75' lang='lat' dir='ltr'>alemanos</span> <span class='ocrx_word' id='word_1_184' title='bbox 1249 3698 1282 3740; x_wconf 88' lang='lat' dir='ltr'>es</span> 
     </span>
    </p>
   </div>
   <div class='ocr_carea' id='block_1_4' title="bbox 380 3780 1281 3924">
    <p class='ocr_par' dir='ltr' id='par_1_5' title="bbox 380 3780 1281 3924">
     <span class='ocr_line' id='line_1_28' title="bbox 380 3780 1281 3924; baseline -0.007 -65"><span class='ocrx_word' id='word_1_185' title='bbox 380 3814 455 3867; x_wconf 81' lang='lat' dir='ltr'>¹vno</span> <span class='ocrx_word' id='word_1_186' title='bbox 493 3792 622 3859; x_wconf 77' lang='lat' dir='ltr'>miclz&#39;ael</span> <span class='ocrx_word' id='word_1_187' title='bbox 651 3791 803 3860; x_wconf 76' lang='lat' dir='ltr'>daehaner</span> <span class='ocrx_word' id='word_1_188' title='bbox 835 3780 870 3858; x_wconf 80' lang='lat' dir='ltr'>de</span> <span class='ocrx_word' id='word_1_189' title='bbox 903 3792 1102 3924; x_wconf 53' lang='lat' dir='ltr'>mansuilloso</span> <span class='ocrx_word' id='word_1_190' title='bbox 1131 3791 1232 3883; x_wconf 68' lang='lat' dir='ltr'>[genio</span> <span class='ocrx_word' id='word_1_191' title='bbox 1259 3808 1281 3853; x_wconf 78' lang='lat' dir='ltr'>n</span> 
     </span>
    </p>
   </div>
   <div class='ocr_carea' id='block_1_5' title="bbox 0 0 1642 5075">
    <p class='ocr_par' dir='ltr' id='par_1_6' title="bbox 0 0 1642 5075">
     <span class='ocr_line' id='line_1_29' title="bbox 0 0 1642 5075; baseline 0 0"><span class='ocrx_word' id='word_1_192' title='bbox 0 0 1642 5075; x_wconf 95' lang='lat' dir='ltr'> </span> 
     </span>
    </p>
   </div>
  </div>
 </body>
</html>
