<?xml version="1.0" encoding="UTF-8"?>
<!DOCTYPE html PUBLIC "-//W3C//DTD XHTML 1.0 Transitional//EN"
    "http://www.w3.org/TR/xhtml1/DTD/xhtml1-transitional.dtd">
<html xmlns="http://www.w3.org/1999/xhtml" xml:lang="en" lang="en">
 <head>
  <title>
</title>
<meta http-equiv="Content-Type" content="text/html;charset=utf-8" />
  <meta name='ocr-system' content='tesseract 3.04.00' />
  <meta name='ocr-capabilities' content='ocr_page ocr_carea ocr_par ocr_line ocrx_word'/>
</head>
<body>
  <div class='ocr_page' id='page_1' title='image "./indexlibrorumab02lairgoog_0050.png"; bbox 0 0 3259 5075; ppageno 0'>
   <div class='ocr_carea' id='block_1_1' title="bbox 330 592 1271 1382">
    <p class='ocr_par' dir='ltr' id='par_1_1' title="bbox 336 592 996 699">
     <span class='ocr_line' id='line_1_1' title="bbox 336 592 996 699; baseline -0.02 -24"><span class='ocrx_word' id='word_1_1' title='bbox 336 620 387 692; x_wconf 81' lang='lat'>40</span> <span class='ocrx_word' id='word_1_2' title='bbox 606 595 674 699; x_wconf 81' lang='lat' dir='ltr'>tr</span> <span class='ocrx_word' id='word_1_3' title='bbox 695 596 721 667; x_wconf 84' lang='lat' dir='ltr'>u</span> <span class='ocrx_word' id='word_1_4' title='bbox 745 594 814 666; x_wconf 85' lang='lat' dir='ltr'>ur</span> <span class='ocrx_word' id='word_1_5' title='bbox 864 592 996 664; x_wconf 83' lang='lat' dir='ltr'>suu</span> 
     </span>
    </p>

    <p class='ocr_par' dir='ltr' id='par_1_2' title="bbox 330 722 1271 1382">
     <span class='ocr_line' id='line_1_2' title="bbox 330 722 1268 851; baseline -0.017 -24"><span class='ocrx_word' id='word_1_6' title='bbox 330 766 365 851; x_wconf 62' lang='lat'>»9</span> <span class='ocrx_word' id='word_1_7' title='bbox 394 733 600 826; x_wconf 87' lang='lat' dir='ltr'>Ambrosii</span> <span class='ocrx_word' id='word_1_8' title='bbox 628 730 865 823; x_wconf 85' lang='lat' dir='ltr'>Choriolani</span> <span class='ocrx_word' id='word_1_9' title='bbox 896 736 978 817; x_wconf 83' lang='lat' dir='ltr'>vita</span> <span class='ocrx_word' id='word_1_10' title='bbox 1005 728 1142 813; x_wconf 82' lang='lat' dir='ltr'>Sancti</span> <span class='ocrx_word' id='word_1_11' title='bbox 1171 722 1268 811; x_wconf 88' lang='lat' dir='ltr'>Au·-</span> 
     </span>
     <span class='ocr_line' id='line_1_3' title="bbox 394 864 1269 986; baseline -0.013 -34"><span class='ocrx_word' id='word_1_12' title='bbox 394 873 577 986; x_wconf 82' lang='lat' dir='ltr'>gusrini3</span> <span class='ocrx_word' id='word_1_13' title='bbox 616 864 793 980; x_wconf 86' lang='lat' dir='ltr'>ejusdem</span> <span class='ocrx_word' id='word_1_14' title='bbox 831 866 1107 950; x_wconf 89' lang='lat' dir='ltr'>commentarii</span> <span class='ocrx_word' id='word_1_15' title='bbox 1150 886 1269 970; x_wconf 90' lang='lat' dir='ltr'>supet</span> 
     </span>
     <span class='ocr_line' id='line_1_4' title="bbox 395 990 1269 1118; baseline -0.01 -31"><span class='ocrx_word' id='word_1_16' title='bbox 395 999 533 1118; x_wconf 75' lang='lat' dir='ltr'>reguli</span> <span class='ocrx_word' id='word_1_17' title='bbox 560 1001 696 1084; x_wconf 79' lang='lat' dir='ltr'>Sancti</span> <span class='ocrx_word' id='word_1_18' title='bbox 724 1001 976 1114; x_wconf 85' lang='lat' dir='ltr'>Augustini,</span> <span class='ocrx_word' id='word_1_19' title='bbox 1014 1019 1055 1079; x_wconf 87' lang='lat' dir='ltr'>et</span> <span class='ocrx_word' id='word_1_20' title='bbox 1090 990 1269 1106; x_wconf 88' lang='lat' dir='ltr'>ejusdem</span> 
     </span>
     <span class='ocr_line' id='line_1_5' title="bbox 395 1120 1271 1224; baseline -0.008 -7"><span class='ocrx_word' id='word_1_21' title='bbox 395 1120 636 1224; x_wconf 86' lang='lat' dir='ltr'>Choriolani</span> <span class='ocrx_word' id='word_1_22' title='bbox 660 1135 862 1217; x_wconf 88' lang='lat' dir='ltr'>orationes</span> <span class='ocrx_word' id='word_1_23' title='bbox 890 1129 978 1216; x_wconf 87' lang='lat' dir='ltr'>duae</span> <span class='ocrx_word' id='word_1_24' title='bbox 1004 1127 1271 1213; x_wconf 90' lang='lat' dir='ltr'>inhonorem</span> 
     </span>
     <span class='ocr_line' id='line_1_6' title="bbox 395 1261 1107 1382; baseline -0.014 -26"><span class='ocrx_word' id='word_1_25' title='bbox 395 1267 532 1357; x_wconf 81' lang='lat' dir='ltr'>Sancti</span> <span class='ocrx_word' id='word_1_26' title='bbox 559 1268 795 1382; x_wconf 81' lang='lat' dir='ltr'>Augustini.</span> <span class='ocrx_word' id='word_1_27' title='bbox 824 1261 967 1353; x_wconf 74' lang='lat' dir='ltr'>Infol.</span> <span class='ocrx_word' id='word_1_28' title='bbox 988 1293 1043 1347; x_wconf 87' lang='lat' dir='ltr'>m.</span> <span class='ocrx_word' id='word_1_29' title='bbox 1072 1293 1107 1349; x_wconf 90' lang='lat' dir='ltr'>r.</span> 
     </span>
    </p>
   </div>
   <div class='ocr_carea' id='block_1_2' title="bbox 341 1438 1316 2728">
    <p class='ocr_par' dir='ltr' id='par_1_3' title="bbox 390 1438 1316 2127">
     <span class='ocr_line' id='line_1_7' title="bbox 437 1438 1274 1534; baseline -0.005 -26"><span class='ocrx_word' id='word_1_30' title='bbox 437 1439 471 1508; x_wconf 92' lang='lat' dir='ltr'>ln</span> <span class='ocrx_word' id='word_1_31' title='bbox 495 1439 558 1509; x_wconf 85' lang='lat' dir='ltr'>fine</span> <span class='ocrx_word' id='word_1_32' title='bbox 585 1438 719 1534; x_wconf 83' lang='lat' dir='ltr'>legitur:</span> <span class='ocrx_word' id='word_1_33' title='bbox 735 1439 818 1530; x_wconf 84' lang='lat' dir='ltr'>finis</span> <span class='ocrx_word' id='word_1_34' title='bbox 839 1439 1079 1508; x_wconf 84' lang='lat' dir='ltr'>commentarior.</span> <span class='ocrx_word' id='word_1_35' title='bbox 1101 1460 1200 1528; x_wconf 65' lang='lat' dir='ltr'>sager·</span> <span class='ocrx_word' id='word_1_36' title='bbox 1215 1445 1274 1504; x_wconf 78' lang='lat' dir='ltr'>aa·-¹</span> 
     </span>
     <span class='ocr_line' id='line_1_8' title="bbox 390 1555 1273 1652; baseline -0.006 -22"><span class='ocrx_word' id='word_1_37' title='bbox 390 1582 471 1630; x_wconf 81' lang='lat' dir='ltr'>nane</span> <span class='ocrx_word' id='word_1_38' title='bbox 491 1560 555 1629; x_wconf 84' lang='lat' dir='ltr'>divi</span> <span class='ocrx_word' id='word_1_39' title='bbox 583 1559 706 1629; x_wconf 75' lang='lat' dir='ltr'>Aurelii</span> <span class='ocrx_word' id='word_1_40' title='bbox 735 1558 907 1652; x_wconf 80' lang='lat' dir='ltr'>Augustini</span> <span class='ocrx_word' id='word_1_41' title='bbox 938 1583 960 1625; x_wconf 90' lang='lat' dir='ltr'>a</span> <span class='ocrx_word' id='word_1_42' title='bbox 984 1557 1027 1626; x_wconf 87' lang='lat' dir='ltr'>R.</span> <span class='ocrx_word' id='word_1_43' title='bbox 1053 1557 1094 1627; x_wconf 88' lang='lat' dir='ltr'>P.</span> <span class='ocrx_word' id='word_1_44' title='bbox 1123 1555 1273 1625; x_wconf 70' lang='lat' dir='ltr'>Amaras.</span> 
     </span>
     <span class='ocr_line' id='line_1_9' title="bbox 391 1671 1316 1749; baseline -0.01 -1"><span class='ocrx_word' id='word_1_45' title='bbox 391 1677 577 1749; x_wconf 81' lang='lat' dir='ltr'>Chariolano</span> <span class='ocrx_word' id='word_1_46' title='bbox 588 1679 649 1746; x_wconf 77' lang='lat' dir='ltr'>aiva</span> <span class='ocrx_word' id='word_1_47' title='bbox 661 1677 808 1745; x_wconf 85' lang='lat' dir='ltr'>Romano</span> <span class='ocrx_word' id='word_1_48' title='bbox 825 1676 943 1744; x_wconf 83' lang='lat' dir='ltr'>ordinis</span> <span class='ocrx_word' id='word_1_49' title='bbox 959 1674 1141 1746; x_wconf 82' lang='lat' dir='ltr'>Heremitar.</span> <span class='ocrx_word' id='word_1_50' title='bbox 1164 1671 1274 1740; x_wconf 81' lang='lat' dir='ltr'>Sancti</span> <span class='ocrx_word' id='word_1_51' title='bbox 1314 1715 1316 1720; x_wconf 92' lang='lat'><em>-</em></span> 
     </span>
     <span class='ocr_line' id='line_1_10' title="bbox 392 1789 1275 1893; baseline -0.012 -24"><span class='ocrx_word' id='word_1_52' title='bbox 392 1797 564 1893; x_wconf 77' lang='lat' dir='ltr'>Augustini</span> <span class='ocrx_word' id='word_1_53' title='bbox 584 1795 691 1867; x_wconf 87' lang='lat' dir='ltr'>Priore</span> <span class='ocrx_word' id='word_1_54' title='bbox 720 1794 863 1867; x_wconf 85' lang='lat' dir='ltr'>Generali</span> <span class='ocrx_word' id='word_1_55' title='bbox 887 1795 1008 1863; x_wconf 81' lang='lat' dir='ltr'>editoris</span> <span class='ocrx_word' id='word_1_56' title='bbox 1035 1815 1065 1862; x_wconf 83' lang='lat' dir='ltr'>et</span> <span class='ocrx_word' id='word_1_57' title='bbox 1086 1789 1275 1882; x_wconf 79' lang='lat' dir='ltr'>impresseris</span> 
     </span>
     <span class='ocr_line' id='line_1_11' title="bbox 393 1912 1276 2011; baseline 0 -31"><span class='ocrx_word' id='word_1_58' title='bbox 393 1913 492 1992; x_wconf 78' lang='lat' dir='ltr'>Rome</span> <span class='ocrx_word' id='word_1_59' title='bbox 508 1939 530 1984; x_wconf 89' lang='lat' dir='ltr'>a</span> <span class='ocrx_word' id='word_1_60' title='bbox 547 1915 693 2009; x_wconf 83' lang='lat' dir='ltr'>magistro</span> <span class='ocrx_word' id='word_1_61' title='bbox 714 1913 844 2011; x_wconf 80' lang='lat' dir='ltr'>Georgia</span> <span class='ocrx_word' id='word_1_62' title='bbox 862 1913 972 1987; x_wconf 82' lang='lat' dir='ltr'>Herolt</span> <span class='ocrx_word' id='word_1_63' title='bbox 986 1915 1022 1987; x_wconf 76' lang='lat' dir='ltr'>dc</span> <span class='ocrx_word' id='word_1_64' title='bbox 1038 1912 1276 2006; x_wconf 78' lang='lat' dir='ltr'>Bamberga....</span> 
     </span>
     <span class='ocr_line' id='line_1_12' title="bbox 393 2031 905 2127; baseline -0.008 -22"><span class='ocrx_word' id='word_1_65' title='bbox 393 2032 440 2105; x_wconf 74' lang='lat' dir='ltr'>die</span> <span class='ocrx_word' id='word_1_66' title='bbox 463 2053 571 2104; x_wconf 80' lang='lat' dir='ltr'>octava</span> <span class='ocrx_word' id='word_1_67' title='bbox 593 2032 770 2104; x_wconf 82' lang='lat' dir='ltr'>Decembris</span> <span class='ocrx_word' id='word_1_68' title='bbox 801 2031 905 2127; x_wconf 80' lang='lat'>1481.</span> 
     </span>
    </p>

    <p class='ocr_par' dir='ltr' id='par_1_4' title="bbox 392 2147 1281 2484">
     <span class='ocr_line' id='line_1_13' title="bbox 441 2147 1278 2254; baseline -0.002 -33"><span class='ocrx_word' id='word_1_69' title='bbox 441 2149 567 2225; x_wconf 87' lang='lat' dir='ltr'>Folium</span> <span class='ocrx_word' id='word_1_70' title='bbox 589 2149 822 2249; x_wconf 83' lang='lat' dir='ltr'>subscriptionis</span> <span class='ocrx_word' id='word_1_71' title='bbox 842 2150 981 2245; x_wconf 89' lang='lat' dir='ltr'>sequitur</span> <span class='ocrx_word' id='word_1_72' title='bbox 997 2150 1160 2254; x_wconf 80' lang='lat' dir='ltr'>registrum</span> <span class='ocrx_word' id='word_1_73' title='bbox 1179 2147 1278 2226; x_wconf 67' lang='lat' dir='ltr'>folio·¹</span> 
     </span>
     <span class='ocr_line' id='line_1_14' title="bbox 392 2267 1281 2365; baseline -0.003 -25"><span class='ocrx_word' id='word_1_74' title='bbox 392 2294 488 2363; x_wconf 79' lang='lat' dir='ltr'>rum,</span> <span class='ocrx_word' id='word_1_75' title='bbox 511 2288 543 2340; x_wconf 88' lang='lat' dir='ltr'>et</span> <span class='ocrx_word' id='word_1_76' title='bbox 568 2269 658 2365; x_wconf 88' lang='lat' dir='ltr'>operi</span> <span class='ocrx_word' id='word_1_77' title='bbox 679 2288 791 2364; x_wconf 86' lang='lat' dir='ltr'>praeest</span> <span class='ocrx_word' id='word_1_78' title='bbox 813 2271 940 2361; x_wconf 82' lang='lat' dir='ltr'>epistola</span> <span class='ocrx_word' id='word_1_79' title='bbox 961 2271 1088 2344; x_wconf 81' lang='lat' dir='ltr'>Oliverii</span> <span class='ocrx_word' id='word_1_80' title='bbox 1109 2270 1209 2340; x_wconf 79' lang='lat' dir='ltr'>Servii</span> <span class='ocrx_word' id='word_1_81' title='bbox 1234 2267 1281 2337; x_wconf 78' lang='lat' dir='ltr'>ad</span> 
     </span>
     <span class='ocr_line' id='line_1_15' title="bbox 393 2385 1279 2484; baseline 0.001 -27"><span class='ocrx_word' id='word_1_82' title='bbox 393 2390 589 2464; x_wconf 73' lang='lat' dir='ltr'>cardinalem</span> <span class='ocrx_word' id='word_1_83' title='bbox 611 2391 647 2462; x_wconf 78' lang='lat' dir='ltr'>de</span> <span class='ocrx_word' id='word_1_84' title='bbox 666 2389 872 2463; x_wconf 78' lang='lat' dir='ltr'>Estouteville.</span> <span class='ocrx_word' id='word_1_85' title='bbox 895 2385 987 2460; x_wconf 84' lang='lat' dir='ltr'>Dicit</span> <span class='ocrx_word' id='word_1_86' title='bbox 1009 2385 1199 2484; x_wconf 85' lang='lat' dir='ltr'>Audiffredy</span> <span class='ocrx_word' id='word_1_87' title='bbox 1223 2410 1279 2459; x_wconf 86' lang='lat' dir='ltr'>ex·</span> 
     </span>
    </p>

    <p class='ocr_par' dir='ltr' id='par_1_5' title="bbox 341 2505 1281 2728">
     <span class='ocr_line' id='line_1_16' title="bbox 341 2505 1280 2592; baseline -0.006 -11"><span class='ocrx_word' id='word_1_88' title='bbox 341 2524 342 2527; x_wconf 76' lang='grc'>’</span> <span class='ocrx_word' id='word_1_89' title='bbox 394 2525 460 2581; x_wconf 88' lang='lat' dir='ltr'>tare</span> <span class='ocrx_word' id='word_1_90' title='bbox 486 2507 623 2582; x_wconf 88' lang='lat' dir='ltr'>iudicem</span> <span class='ocrx_word' id='word_1_91' title='bbox 646 2533 746 2585; x_wconf 88' lang='lat' dir='ltr'>unum</span> <span class='ocrx_word' id='word_1_92' title='bbox 769 2528 975 2592; x_wconf 64' lang='lat' dir='ltr'>erratorum</span> <span class='ocrx_word' id='word_1_93' title='bbox 1005 2506 1060 2583; x_wconf 92' lang='lat' dir='ltr'>sed</span> <span class='ocrx_word' id='word_1_94' title='bbox 1093 2507 1126 2578; x_wconf 92' lang='lat' dir='ltr'>in</span> <span class='ocrx_word' id='word_1_95' title='bbox 1152 2505 1280 2580; x_wconf 86' lang='lat' dir='ltr'>duobus</span> 
     </span>
     <span class='ocr_line' id='line_1_17' title="bbox 394 2623 1281 2728; baseline 0.006 -35"><span class='ocrx_word' id='word_1_96' title='bbox 394 2624 436 2694; x_wconf 80' lang='lat' dir='ltr'>ad</span> <span class='ocrx_word' id='word_1_97' title='bbox 457 2650 587 2703; x_wconf 86' lang='lat' dir='ltr'>manum</span> <span class='ocrx_word' id='word_1_98' title='bbox 611 2627 787 2697; x_wconf 84' lang='lat' dir='ltr'>extantibus</span> <span class='ocrx_word' id='word_1_99' title='bbox 809 2626 886 2701; x_wconf 88' lang='lat' dir='ltr'>nihil</span> <span class='ocrx_word' id='word_1_100' title='bbox 908 2626 1008 2700; x_wconf 84' lang='lat' dir='ltr'>simile</span> <span class='ocrx_word' id='word_1_101' title='bbox 1029 2645 1169 2728; x_wconf 75' lang='lat' dir='ltr'>apparet.</span> <span class='ocrx_word' id='word_1_102' title='bbox 1193 2623 1281 2698; x_wconf 82' lang='lat' dir='ltr'>Vide</span> 
     </span>
    </p>
   </div>
   <div class='ocr_carea' id='block_1_3' title="bbox 395 2740 680 2847">
    <p class='ocr_par' dir='ltr' id='par_1_6' title="bbox 395 2740 680 2847">
     <span class='ocr_line' id='line_1_18' title="bbox 395 2740 680 2847; baseline -0.008 -34"><span class='ocrx_word' id='word_1_103' title='bbox 395 2740 500 2832; x_wconf 73' lang='lat' dir='ltr'>iniri,</span> <span class='ocrx_word' id='word_1_104' title='bbox 522 2768 594 2843; x_wconf 83' lang='lat' dir='ltr'>pag.</span> <span class='ocrx_word' id='word_1_105' title='bbox 626 2765 680 2847; x_wconf 75' lang='lat'>53.</span> 
     </span>
    </p>
   </div>
   <div class='ocr_carea' id='block_1_4' title="bbox 353 2920 1289 3421">
    <p class='ocr_par' dir='ltr' id='par_1_7' title="bbox 353 2920 1289 3421">
     <span class='ocr_line' id='line_1_19' title="bbox 353 2920 1285 3036; baseline 0.006 -30"><span class='ocrx_word' id='word_1_106' title='bbox 353 2947 404 3006; x_wconf 91' lang='lat'>10</span> <span class='ocrx_word' id='word_1_107' title='bbox 429 2921 607 3005; x_wconf 87' lang='lat' dir='ltr'>Cronica</span> <span class='ocrx_word' id='word_1_108' title='bbox 640 2948 728 3036; x_wconf 84' lang='lat' dir='ltr'>quae</span> <span class='ocrx_word' id='word_1_109' title='bbox 757 2921 902 3010; x_wconf 88' lang='lat' dir='ltr'>dicitur</span> <span class='ocrx_word' id='word_1_110' title='bbox 930 2920 1141 3010; x_wconf 84' lang='lat' dir='ltr'>fasciculus</span> <span class='ocrx_word' id='word_1_111' title='bbox 1177 2935 1285 3011; x_wconf 63' lang='lat' dir='ltr'>remi</span> 
     </span>
     <span class='ocr_line' id='line_1_20' title="bbox 404 3052 1282 3171; baseline 0.007 -36"><span class='ocrx_word' id='word_1_112' title='bbox 404 3082 549 3171; x_wconf 85' lang='lat' dir='ltr'>porum</span> <span class='ocrx_word' id='word_1_113' title='bbox 577 3052 750 3145; x_wconf 83' lang='lat' dir='ltr'>editam</span> <span class='ocrx_word' id='word_1_114' title='bbox 779 3054 881 3144; x_wconf 87' lang='lat' dir='ltr'>alma</span> <span class='ocrx_word' id='word_1_115' title='bbox 910 3063 1164 3147; x_wconf 86' lang='lat' dir='ltr'>universitate</span> <span class='ocrx_word' id='word_1_116' title='bbox 1193 3057 1282 3141; x_wconf 90' lang='lat' dir='ltr'>Co·</span> 
     </span>
     <span class='ocr_line' id='line_1_21' title="bbox 408 3178 1287 3306; baseline 0.008 -38"><span class='ocrx_word' id='word_1_117' title='bbox 408 3182 519 3270; x_wconf 90' lang='lat' dir='ltr'>lonie</span> <span class='ocrx_word' id='word_1_118' title='bbox 547 3178 776 3303; x_wconf 86' lang='lat' dir='ltr'>Agrippine</span> <span class='ocrx_word' id='word_1_119' title='bbox 808 3219 925 3302; x_wconf 89' lang='lat' dir='ltr'>super</span> <span class='ocrx_word' id='word_1_120' title='bbox 944 3192 1100 3279; x_wconf 86' lang='lat' dir='ltr'>Renum</span> <span class='ocrx_word' id='word_1_121' title='bbox 1123 3220 1146 3276; x_wconf 84' lang='lat' dir='ltr'>a</span> <span class='ocrx_word' id='word_1_122' title='bbox 1171 3218 1287 3306; x_wconf 90' lang='lat' dir='ltr'>quo·-</span> 
     </span>
     <span class='ocr_line' id='line_1_22' title="bbox 405 3317 1289 3421; baseline 0.002 -14"><span class='ocrx_word' id='word_1_123' title='bbox 405 3317 499 3407; x_wconf 82' lang='lat' dir='ltr'>dam</span> <span class='ocrx_word' id='word_1_124' title='bbox 522 3320 671 3409; x_wconf 91' lang='lat' dir='ltr'>devoto</span> <span class='ocrx_word' id='word_1_125' title='bbox 697 3324 983 3410; x_wconf 88' lang='lat' dir='ltr'>Carthusiensi.</span> <span class='ocrx_word' id='word_1_126' title='bbox 1013 3322 1150 3421; x_wconf 80' lang='lat' dir='ltr'>Infol.</span> <span class='ocrx_word' id='word_1_127' title='bbox 1172 3354 1228 3409; x_wconf 87' lang='lat' dir='ltr'>m.</span> <span class='ocrx_word' id='word_1_128' title='bbox 1251 3352 1289 3411; x_wconf 88' lang='lat' dir='ltr'>r.</span> 
     </span>
    </p>
   </div>
   <div class='ocr_carea' id='block_1_5' title="bbox 399 3510 1292 3966">
    <p class='ocr_par' dir='ltr' id='par_1_8' title="bbox 399 3510 1292 3966">
     <span class='ocr_line' id='line_1_23' title="bbox 448 3510 1290 3615; baseline 0.011 -35"><span class='ocrx_word' id='word_1_129' title='bbox 448 3510 483 3580; x_wconf 86' lang='lat' dir='ltr'>in</span> <span class='ocrx_word' id='word_1_130' title='bbox 507 3512 569 3584; x_wconf 88' lang='lat' dir='ltr'>fine</span> <span class='ocrx_word' id='word_1_131' title='bbox 585 3514 711 3611; x_wconf 88' lang='lat' dir='ltr'>legitur:</span> <span class='ocrx_word' id='word_1_132' title='bbox 732 3518 832 3615; x_wconf 76' lang='lat' dir='ltr'>sepius</span> <span class='ocrx_word' id='word_1_133' title='bbox 850 3514 969 3611; x_wconf 78' lang='lat' dir='ltr'>quidam</span> <span class='ocrx_word' id='word_1_134' title='bbox 982 3519 1146 3612; x_wconf 83' lang='lat' dir='ltr'>impressa,</span> <span class='ocrx_word' id='word_1_135' title='bbox 1165 3519 1290 3591; x_wconf 74' lang='lat' dir='ltr'>sedne-</span> 
     </span>
     <span class='ocr_line' id='line_1_24' title="bbox 399 3630 1292 3732; baseline 0.011 -38"><span class='ocrx_word' id='word_1_136' title='bbox 399 3630 541 3724; x_wconf 79' lang='lat' dir='ltr'>gligentia</span> <span class='ocrx_word' id='word_1_137' title='bbox 559 3658 752 3708; x_wconf 82' lang='lat' dir='ltr'>correctorum</span> <span class='ocrx_word' id='word_1_138' title='bbox 772 3638 805 3710; x_wconf 89' lang='lat' dir='ltr'>in</span> <span class='ocrx_word' id='word_1_139' title='bbox 823 3639 948 3707; x_wconf 79' lang='lat' dir='ltr'>diversas</span> <span class='ocrx_word' id='word_1_140' title='bbox 970 3639 1044 3707; x_wconf 86' lang='lat' dir='ltr'>loris</span> <span class='ocrx_word' id='word_1_141' title='bbox 1061 3663 1082 3705; x_wconf 87' lang='lat' dir='ltr'>a</span> <span class='ocrx_word' id='word_1_142' title='bbox 1105 3661 1174 3708; x_wconf 78' lang='lat' dir='ltr'>vero</span> <span class='ocrx_word' id='word_1_143' title='bbox 1194 3638 1292 3732; x_wconf 84' lang='lat' dir='ltr'>origi·</span> 
     </span>
     <span class='ocr_line' id='line_1_25' title="bbox 401 3747 1290 3843; baseline 0.019 -32"><span class='ocrx_word' id='word_1_144' title='bbox 401 3747 469 3813; x_wconf 85' lang='lat' dir='ltr'>nali</span> <span class='ocrx_word' id='word_1_145' title='bbox 491 3750 594 3817; x_wconf 88' lang='lat' dir='ltr'>minus</span> <span class='ocrx_word' id='word_1_146' title='bbox 611 3750 698 3836; x_wconf 68' lang='lat' dir='ltr'>justi</span> <span class='ocrx_word' id='word_1_147' title='bbox 721 3757 904 3843; x_wconf 82' lang='lat' dir='ltr'>emendata,</span> <span class='ocrx_word' id='word_1_148' title='bbox 927 3781 1011 3824; x_wconf 86' lang='lat' dir='ltr'>nunc</span> <span class='ocrx_word' id='word_1_149' title='bbox 1035 3756 1104 3826; x_wconf 71' lang='lat' dir='ltr'>veri</span> <span class='ocrx_word' id='word_1_150' title='bbox 1128 3780 1195 3822; x_wconf 90' lang='lat' dir='ltr'>non</span> <span class='ocrx_word' id='word_1_151' title='bbox 1218 3758 1290 3828; x_wconf 77' lang='lat' dir='ltr'>sine</span> 
     </span>
     <span class='ocr_line' id='line_1_26' title="bbox 400 3868 1289 3966; baseline 0.016 -32"><span class='ocrx_word' id='word_1_152' title='bbox 400 3886 513 3963; x_wconf 79' lang='lat' dir='ltr'>magno</span> <span class='ocrx_word' id='word_1_153' title='bbox 540 3868 640 3941; x_wconf 81' lang='lat' dir='ltr'>labore</span> <span class='ocrx_word' id='word_1_154' title='bbox 666 3872 712 3941; x_wconf 86' lang='lat' dir='ltr'>ad</span> <span class='ocrx_word' id='word_1_155' title='bbox 721 3873 893 3966; x_wconf 77' lang='lat' dir='ltr'>pristinam</span> <span class='ocrx_word' id='word_1_156' title='bbox 922 3896 1037 3946; x_wconf 81' lang='lat' dir='ltr'>starum</span> <span class='ocrx_word' id='word_1_157' title='bbox 1065 3873 1188 3944; x_wconf 65' lang='lat' dir='ltr'>renarra</span> <span class='ocrx_word' id='word_1_158' title='bbox 1215 3899 1289 3949; x_wconf 79' lang='lat' dir='ltr'>eum</span> 
     </span>
    </p>
   </div>
   <div class='ocr_carea' id='block_1_6' title="bbox 0 0 1653 5075">
    <p class='ocr_par' dir='ltr' id='par_1_9' title="bbox 0 0 1653 5075">
     <span class='ocr_line' id='line_1_27' title="bbox 0 0 1653 5075; baseline 0 0"><span class='ocrx_word' id='word_1_159' title='bbox 0 0 1653 5075; x_wconf 95' lang='lat' dir='ltr'> </span> 
     </span>
    </p>
   </div>
  </div>
 </body>
</html>
