3259 5075
332 525 408 614 ‚132‘
600 529 809 605 LIBRI
857 524 989 602 SUB

382 688 471 761 Torn.
487 686 592 781 primo
607 713 685 787 png.
712 710 749 781 13
767 701 780 779 ,“
801 685 941 760 referunt
965 684 1137 759 editionem
1159 706 1255 762 unam

378 807 545 880 Florentia
563 806 647 904 apud
666 805 894 880 Miscominum
910 802 1051 896 ejusdem
1067 809 1150 880 anni.
1169 808 1256 879 Nos-

377 944 427 998 tra
442 926 542 998 ⁴habet
562 927 677 997 litteras
698 924 908 1021 principales,
930 942 963 996 et
981 924 1163 996 terminatur
1181 951 1255 998 cum

376 1041 535 1140 signatural
556 1072 581 1140 g
599 1042 646 1131 iij.

425 1160 547 1251 Quoad
568 1157 764 1251 secundum,
786 1160 902 1233 Paiton
927 1161 1005 1233 loco
1035 1160 1153 1251 citato,
1180 1186 1253 1256 pag.
1340 1193 1343 1198 ·

379 1275 455 1368 28,
476 1298 549 1373 post
570 1276 704 1382 Orlandi
727 1278 812 1371 illud,
826 1279 945 1366 refert;
968 1276 1023 1350 sed
1046 1279 1166 1377 omisso
1187 1303 1253 1348 uno
1302 1332 1304 1334 -

261 1491 263 1495 Ι
375 1394 506 1468 denario
521 1422 657 1471 numero
673 1417 705 1471 et
722 1399 765 1471 sic
783 1397 824 1470 ad
840 1424 958 1471 annum
979 1397 1080 1489 1481.
1098 1396 1253 1468 Maittaire

304 1581 309 1591 ,
375 1530 412 1602 et
422 1512 525 1588 Denis
541 1515 712 1588 editionem
722 1517 805 1591 hanc
815 1517 1011 1612 ignorarunt,

327 1732 348 1817 3
383 1708 518 1797 Sancti
545 1713 768 1828 Augustini
797 1744 919 1832 opera
942 1719 1081 1822 varia,
1111 1711 1253 1801 edente

331 1857 334 1861 ’
381 1841 574 1931 severino
600 1843 783 1959 Calcho,
814 1873 958 1933 contra
986 1843 1251 1934 Academicos

381 1969 474 2058 libri
503 1999 596 2059 tres.

213 2172 300 2226 A
425 2143 936 2267 Qfflmffiffi

436 2277 502 2362 De
533 2278 675 2367 ordine
704 2281 795 2371 libri
822 2282 902 2369 ΙΙ.
985 2378 989 2384 ,

434 2406 751 2526 θοΙΙΙοᾳιιὶοτυῐη
780 2412 873 2500 libri
900 2420 966 2501 ΙΙ.
1031 2489 1033 2494 .

431 2543 496 2628 De
527 2546 824 2635 immortalitate
850 2554 990 2636 animae
1019 2554 1053 2636 Ι.

435 2675 499 2758 De
530 2678 788 2791 grammatici
817 2683 852 2766 I.

433 2803 499 2888 De
527 2794 724 2895 rhetorici
752 2814 785 2894 Ι.

436 2933 501 3017 De
521 2937 740 3026 {dialectici
768 2945 803 3026 Ι.

439 3065 506 3151 De
536 3070 711 3157 moribus
740 3071 1163 3164 ecclesiaetcatholicae
1188 3081 1224 3163 Ι.

439 3199 674 3288 De'animae
701 3211 921 3319 quantitate
947 3212 981 3295 Ι.

325 3412 326 3415 .
355 3420 359 3426 ,
437 3334 501 3417 De
534 3332 661 3423 libero
688 3337 853 3450 arbitrio
881 3344 970 3430 ΙΙΙ.

247 3477 249 3482 ’
309 3484 312 3492 ’
347 3562 366 3581 ,θ
438 3467 536 3554 Vita
551 3474 677 3554 sancti
691 3471 915 3589 Augustini
926 3503 976 3559 ex
988 3470 1070 3587 ejus
1087 3470 1204 3560 dictis
1215 3478 1251 3558 Ι.

358 3672 371 3714 ·.
438 3596 503 3714 De
542 3606 795 3716 magistrol.

356 3761 373 3803 ·.
438 3725 502 3812 De
536 3761 657 3843 opere
686 3735 983 3824 Monachorum
1011 3739 1068 3846 1„
