3259 5075
488 647 763 720 muno
819 649 924 741 1482.
1164 657 1208 752 ⁶3

339 839 429 898 cum
451 811 661 923 praemissis
686 806 927 892 carminibus
951 806 1095 898 Jacobi
1119 809 1214 895 Sen-

339 951 414 1030 tini
437 945 665 1029 Ricinensis
689 946 732 1023 in
751 937 835 1053 ejus
858 935 1043 1049 laudern,
1070 966 1111 1025 et
1131 948 1213 1055 epi-

340 1102 555 1194 grammate
584 1072 728 1162 Lucilii
756 1075 967 1189 Santritter
993 1074 1046 1160 ad
1080 1073 1215 1163 lecto-

339 1241 450 1314 rem,
475 1217 518 1294 in
553 1238 637 1322 quo
661 1205 805 1295 dicitur
831 1205 943 1321 hujus
971 1211 1092 1294 fuisse
1131 1209 1212 1293 Im·

258 1440 262 1449 ¹
334 1359 541 1458 pressoreoa
566 1341 727 1455 Ephard.
756 1342 917 1426 Rardolt
943 1376 1042 1425 anno
1076 1349 1212 1456 1482,

346 1478 514 1564 Veneriis
545 1478 672 1592 quinto
701 1475 793 1559 Idus
827 1476 1010 1589 Augusti.
1044 1480 1212 1590 In-40.

342 1642 430 1697 cum
458 1612 581 1728 figur.

289 1809 342 1870 zo
368 1782 515 1868 Fratris
546 1779 708 1867 Ber'ardi
736 1780 898 1866 Odonis
928 1779 1020 1868 ord.
1054 1782 1214 1867 Minor.

345 1920 541 2029 expositio
565 1944 680 2028 super
704 1912 830 1999 libros
851 1915 1074 2001 ethicorum
1098 1916 1214 2000 Aris-

344 2048 488 2136 totelis.
518 2049 634 2164 Impr.
665 2047 817 2132 Brixia
847 2049 899 2130 ud
917 2081 1104 2163 expensos
1133 2049 1217 2135 Bo-

342 2179 471 2298 nifucii
505 2184 549 2266 de
585 2184 775 2269 Moueauo
810 2187 951 2295 1482,
988 2183 1048 2266 die
1084 2185 1217 2266 ultimi

345 2317 506 2429 Aprilis,
534 2316 680 2402 In-fol.

291 2531 337 2587 21
370 2503 563 2593 Prolemei
590 2505 906 2622 cosmographiae
937 2503 1031 2621 libri
1059 2505 1216 2608 VIII,

342 2667 390 2722 ex
425 2647 611 2727 versione
657 2638 821 2724 Nicolai
862 2642 975 2723 Doni
1024 2638 1218 2721 Germani

343 2801 431 2856 cum
471 2770 555 2885 ejus
595 2772 829 2883 praefatione
871 2772 922 2859 ad
965 2767 1129 2856 Paulum
1161 2774 1217 2856 IL

341 2902 477 2990 Insol.
505 2936 557 2989 m.
586 2936 626 2993 v.
656 2911 699 2990 in
728 2904 982 3021 pergameni.

382 3094 416 3165 In
436 3096 500 3182 fine
515 3096 650 3192 iegitur:
677 3121 754 3188 opus
779 3099 900 3167 domiui
921 3099 1048 3168 Nr'aolai
1067 3096 1219 3169 cemani

336 3219 496 3284 suuudum
528 3218 720 3285 Ptolomaeum
741 3216 824 3304 finit
856 3242 943 3283 anno
979 3216 1029 3285 M.
1061 3216 1219 3290 CCCC.

337 3330 533 3407 LXXXII.
561 3335 699 3430 Augusti
723 3360 791 3406 uero
822 3334 979 3402 Kalendis
1005 3336 1134 3402 XVII
1155 3338 1220 3404 im-

329 3476 468 3541 pressum
493 3455 586 3523 Ulmo
603 3478 661 3544 per
681 3455 874 3547 ingeniosum
897 3453 997 3522 uirum
1025 3456 1218 3521 leonardum

258 3593 262 3600 ·
338 3568 404 3638 Hol
419 3571 533 3661 prefiarr'
553 3574 656 3663 oppidi
677 3574 761 3642 ciuis.
785 3570 872 3641 Cum
895 3569 1008 3641 chartis
1031 3572 1220 3666 geographi⁴

288 3718 295 3736 ·
336 3686 380 3757 cis
404 3689 536 3760 miniatis
557 3715 636 3760 auro
660 3709 692 3759 et
713 3690 900 3777 coloribus,
926 3708 1053 3760 etcum
1082 3691 1194 3786 signat.

384 3805 580 3879 Praemittitur
615 3808 737 3903 pictura
775 3833 839 3878 una
869 3808 902 3877 in
938 3807 1003 3903 quai
1020 3808 1217 3881 Monachus

338 3918 445 3997 Donis
465 3952 554 4001 suam
575 3926 671 4028 offert
687 3927 870 3999 versionem
888 3925 1035 3999 Pontifici
1055 3927 1158 3997 Paulo
1176 3926 1216 4000 II.
1241 3912 1246 3920 ¹
