3259 5075
452 539 524 601 '212
721 521 1113 598 LIBRISUB

505 662 646 753 Electa
684 693 734 750 ex
763 667 1060 750 commentariis
1103 656 1302 745 Eustathii
1337 681 1379 740 et

564 798 735 884 allorum
775 800 1125 912 grammaticorum
1161 787 1377 879 secundum

443 1025 446 1031 ,
562 931 782 1017 litterarum
807 928 1005 1014 ordinem.

503 1085 786 1171 Formationes
811 1078 1027 1166 verborum
1050 1104 1133 1160 sum
1163 1101 1203 1163 et
1229 1062 1285 1163 eo.

372 1262 376 1266 ·
503 1216 568 1328 De
596 1221 643 1300 iis
672 1241 760 1327 quae
788 1214 1017 1328 significant
1046 1212 1181 1295 sedere.

500 1351 603 1453 Quae
629 1349 682 1434 ire.
709 1346 957 1460 significant.

502 1499 702 1608 Excerpta
723 1524 774 1582 ex
798 1502 956 1609 scriptis
977 1494 1200 1581 Herodiani
1221 1493 1270 1579 de
1291 1525 1378 1582 ver-

559 1629 615 1716 bo
632 1657 782 1744 magno
803 1634 906 1713 scitu
927 1628 1163 1744 dignissima
1183 1654 1272 1740 quae
1293 1657 1377 1739 pas·
1455 1708 1457 1713 ,

561 1768 635 1846 sim
659 1789 745 1846 non
770 1765 1044 1850 inveniuntur.

410 1932 414 1939 ·
502 1887 807 1980 Declinatorum
855 1891 1070 1980 verborum
1115 1888 1380 1979 deductiones

560 2055 610 2112 ex
635 2023 810 2139 ejusdem
839 2029 1011 2136 scriptis.

503 2157 843 2246 Choeroboschus
863 2156 914 2242 ad
929 2162 1000 2244 ¹eos
1022 2162 1091 2273 qui
1115 2185 1299 2272 quaerunt
1319 2189 1379 2245 re-

559 2290 674 2408 gulas
713 2317 754 2377 et
782 2288 1060 2378 similitudines
1099 2298 1144 2378 in
1191 2293 1379 2385 omnibus

562 2424 713 2512 verbis.

502 2558 616 2648 Idem
643 2559 694 2644 de
720 2552 876 2647 casibus
910 2566 953 2647 in
985 2559 1131 2674 quibus
1160 2559 1215 2644 ob
1248 2559 1378 2645 disso-

559 2697 738 2776 nantiam
762 2694 972 2776 attrahitur
997 2720 1039 2775 n.

493 2824 567 2915 ,De
591 2820 783 2907 anomalis
810 2848 851 2907 et
874 2821 1006 2909 verbis
1027 2821 1290 2935 ¹inaequalibus
1316 2852 1379 2928 se·⁴

533 2951 735 3038 <cundum
762 2950 944 3037 ordinem
972 2951 1277 3063 alphabeticum.

502 3101 758 3190 Herodianus
791 3102 842 3189 de
879 3100 1135 3191 dictiunculis
1172 3103 1375 3193 inclinatis

558 3261 598 3321 er
624 3234 827 3323 incliticis.

501 3370 563 3456 De
582 3370 637 3455 iis'
652 3400 740 3485 quae
761 3368 1005 3463 inclinantur
1029 3374 1258 3484 exscriptis
1278 3373 1376 3458 cho·

562 3503 787 3589 eroboschi.
850 3618 854 3626 ι

444 3714 453 3732 ,
496 3634 636 3734 AElius
663 3639 848 3725 Donatus
869 3637 919 3726 de
940 3644 988 3728 iis
1011 3667 1099 3754 quae
1125 3635 1369 3728 inclinantur

560 3792 600 3852 et
632 3766 846 3858 encliticis
1171 3785 1173 3789 “
