3259 5075
514 667 623 809 nar)
654 610 870 741 artuum
907 689 1027 763 14900·
1199 678 1240 744 n

318 849 341 858 ”
366 846 432 930 De
459 844 713 930 Animalibus
738 870 778 928 et
803 841 1048 957 Reptilibus.

365 979 434 1061 De
463 977 619 1063 Avibus
646 1005 686 1063 et
711 973 971 1066 Volatilibus.

240 1157 243 1161 ·
367 1110 435 1192 De
462 1108 640 1194 Piscibus
665 1137 706 1193 et
732 1107 988 1194 Natatilibus.

366 1242 437 1324 De
462 1240 841 1354 Lapidibusinterre
852 1247 964 1330 venis
974 1241 1240 1331 nascentibus.

314 1488 318 1493 ἢ
365 1372 435 1456 De
463 1375 602 1457 Urinis
629 1400 668 1457 et
694 1404 826 1460 earum
849 1373 1070 1486 speciebus.

366 1503 527 1591 Tabula
552 1505 798 1592 medicinalis
820 1537 910 1592 cum
929 1505 1145 1611 directorio
1165 1536 1244 1625 ge«

422 1636 547 1721 nerali
561 1669 633 1750 per
647 1668 786 1724 omnes
802 1663 1005 1764 tractatus.

407 1864 498 1937 Talis
518 1888 564 1938 est
582 1867 686 1940 titulus
706 1868 759 1965 qui
780 1867 892 1964 legitur
914 1868 995 1940 folio
1015 1869 1120 1963 primo
1141 1881 1245 1941 recto.¹

352 1985 438 2055 Una
456 2005 502 2055 est
517 1983 614 2080 editio
636 1987 717 2057 facta
735 2006 809 2083 post
827 1986 1076 2083 Moguntinam,
1097 1984 1152 2058 sed
1168 1987 1243 2056 huic

351 2101 459 2196 longe
483 2102 611 2174 inferior
634 2123 683 2173 est
706 2103 814 2200 quoad
837 2106 1050 2176 characterem
1074 2123 1107 2174 et
1134 2099 1243 2198 quoad

351 2219 499 2314 figuras;
526 2220 672 2315 hancque
703 2222 844 2292 ultimam
877 2222 1019 2317 suspicor
1058 2221 1243 2315 impressam

352 2337 492 2408 Basileae
520 2337 782 2432 autArgeminae
813 2340 896 2409 circa
927 2362 1052 2430 14903
1078 2337 1132 2408 sed
1157 2353 1244 2408 caret

354 2455 453 2526 omni
473 2455 654 2524 charactere
673 2455 745 2523 anni
766 2473 820 2524 aut
841 2455 916 2525 loci.
941 2455 1063 2523 Ultima
1086 2454 1243 2549 signatura

354 2572 470 2645 indicis
492 2571 644 2667 generalis
664 2587 715 2641 est
732 2598 765 2640 ee
789 2571 849 2659 iiij.
1098 2572 1101 2578 ’

270 2816 355 2899 .23
401 2788 428 2877 J
431 2784 607 2873 uvenalis
642 2816 733 2872 cum
773 2810 1032 2875 commentar.
1071 2787 1241 2872 Domitii

306 2927 308 2932 ’
363 2918 589 3005 Calderini.

420 3091 546 3180 Persii
573 3119 710 3204 satyrae
738 3123 830 3178 cum
856 3117 1115 3183 commentar.
1147 3092 1243 3174 Bar-

361 3220 539 3308 tholom.
563 3224 597 3308 F
600 3231 716 3309 ontii.
746 3223 890 3310 In·fol.
916 3254 975 3309 m.
1004 3255 1038 3309 r.

407 3412 568 3485 Iuvenalis
587 3414 770 3500 terminatur
789 3440 864 3486 cum
884 3410 1041 3509 signatura
1057 3440 1083 3505 p
1103 3416 1189 3499 iiii,
1209 3427 1241 3482 et

349 3530 485 3605 Persius
509 3556 582 3603 cum
610 3517 808 3629 signaturhe
834 3536 868 3604 ii.
900 3530 1075 3603 Character
1103 3549 1150 3601 est
1178 3554 1240 3626 go·
1365 3539 1367 3543 ’

348 3651 476 3723 thiens.

290 3895 354 3974 24
389 3862 598 3978 Legendae
630 3867 866 3954 Sanctorum
894 3866 1240 4003 Regni'Hunga-
