3259 5075
459 458 991 568 'manuscrits-Tr.
1052 599 1056 606 .
1143 522 1208 595 273

338 631 416 700 Pari
436 651 465 700 er
492 631 678 701 cancellario
700 634 838 704 Francia
862 635 1040 734 dignissimo
1067 636 1120 727 qui
1142 639 1217 706 obiit

243 837 246 841 .
339 776 425 818 anno
455 774 556 847 1497.

248 1046 258 1061 ‚
292 944 637 1058 6Elucidarius‚
680 955 749 1063 qui
784 976 844 1035 est
889 946 1075 1066 dialogus
1112 956 1216 1034 inter

343 1087 577 1193 magistrum
603 1110 642 1166 et
670 1082 907 1193 discipulum
939 1083 989 1168 de
1020 1083 1138 1170 rebus
1166 1080 1217 1167 ad

346 1220 558 1324 scripturas
576 1243 705 1298 sacras
720 1241 759 1297 et
773 1213 823 1298 ad
841 1214 1063 1300 doctrinam
1082 1215 1217 1299 Chris-

346 1352 493 1430 tianam
519 1348 821 1457 pertinentibus.
851 1350 996 1460 In·4⁰.
1025 1379 1079 1432 m.
1108 1378 1140 1432 r.
1250 1430 1253 1434 ,

385 1518 499 1613 Incipit
514 1518 560 1588 his
580 1520 707 1589 verbis:
731 1521 831 1612 sepius
852 1541 975 1614 rogatus
992 1546 1012 1587 a
1029 1523 1218 1611 condiscipu-

338 1641 378 1709 lis
399 1634 495 1729 meis,
519 1659 551 1710 et
570 1641 752 1711 terminatur
775 1617 843 1712 sic:
870 1642 998 1733 scriptor
1019 1645 1073 1734 qui
1099 1624 1219 1732 scripsit
1240 1622 1242 1626 i

226 1773 229 1780 '
338 1754 437 1825 etiam'
450 1760 584 1854 gaudeat
605 1739 640 1828 iu
666 1760 801 1829 excelsis.
832 1756 968 1830 Constat
1001 1761 1047 1830 60
1076 1758 1158 1829 foliis
1187 1777 1220 1830 et

338 1874 371 1944 in
395 1893 456 1946 tres
476 1875 571 1947 libros
592 1875 762 1963 dividitur3
782 1877 900 1972 primus
917 1880 951 1945 de
970 1881 1045 1966 deo,
1063 1875 1219 1953 secundus
1240 1910 1242 1916 ¹

337 1996 372 2062 de
392 1997 592 2065 ecclesiasticis
614 1999 719 2081 rebus,
742 2015 773 2065 et
798 1996 904 2066 tertius
927 1998 962 2064 de
973 1993 1089 2086 fitturd
1106 1999 1183 2069 vird.

261 2120 262 2123 ’
387 2111 506 2184 Codex
517 2115 744 2209 manuscriptus
761 2113 856 2185 Xssti.
875 2115 988 2200 seculi,
1001 2114 1123 2184 eximiae
1139 2122 1219 2184 toni

338 2231 547 2317 servationis,
573 2249 604 2300 et
625 2231 825 2324 completus:
847 2229 924 2301 folia
954 2247 1060 2298 tamen
1093 2230 1126 2298 in
1154 2230 1219 2301 hoc

338 2349 552 2441 compactoris
587 2349 824 2438 inadvertentia
855 2343 1054 2440 transposuit.
1094 2330 1219 2416 Auctor

338 2464 431 2552 buius
459 2483 505 2535 est
532 2466 696 2536 Honorius
721 2463 1047 2560 Augustodunensis3
1077 2461 1118 2532 de
1151 2487 1219 2559 quo

339 2579 414 2651 vide
431 2584 534 2653 abbat.
555 2584 698 2671 Lebeuf,·
716 2585 823 2660 recueil
835 2607 890 2652 sur
910 2581 1003 2653 l’lrisc.
1022 2576 1057 2651 de
1078 2583 1218 2670 France,

344 2700 433 2773 Tom.
459 2725 488 2800 t.
503 2728 578 2798 pag.
603 2722 718 2800 2541
766 2681 776 2761 s
840 2681 842 2683 ’

388 2818 554 2891 Multotids
578 2819 775 2915 impressioni
797 2818 937 2891 deditum
959 2838 1005 2917 est
1029 2811 1112 2917 opus¹
1131 2841 1217 2914 pra·

340 2961 435 3026 sens,
455 2939 536 3007 etin
557 2940 657 3009 varias
671 2939 788 3034 linguas
805 2940 1011 3012 translatum:
1035 2938 1124 3037 quod
1143 2963 1220 3033 pro·

227 3059 229 3063 ’
340 3037 427 3126 bant·
442 3052 533 3145 hujus
554 3056 663 3128 indicis
684 3082 767 3153 pars
781 3057 882 3153 prima
895 3076 939 3128 'et
963 3083 1036 3154 pars
1066 3054 1217 3135 secunda.

290 3254 316 3344 7
349 3232 690 3344 Antiphonarium
719 3258 860 3335 trema,
887 3225 978 3317 cum
1001 3238 1110 3318 notis
1133 3260 1218 3344 per·

226 3381 230 3390 '
346 3368 475 3473 petuis
503 3364 643 3448 cantis
668 3363 935 3450 ecclesiastici.

387 3532 504 3607 Codex
523 3534 745 3611 membraneus
770 3533 886 3606 decimi
913 3533 1015 3631 quarti
1036 3532 1149 3612 seculis
1260 3617 1262 3621 Ι

291 3726 316 3809 8
346 3727 465 3813 Liber
493 3731 629 3819 divine
658 3730 844 3820 doctrine
869 3729 960 3816 date
984 3757 1059 3841 per
1079 3754 1218 3838 perso·

276 3929 284 3948 ¹
390 3858 486 3930 Temo
499 3865 551 3937 It.
855 3878 858 3882 ’
1045 3859 1067 3930 S
