3259 5075
710 615 748 686 M
785 615 821 688 Ο
1151 643 1223 715 419

297 773 368 832 sicut
386 770 443 850 jam
465 772 529 832 anre
550 772 751 832 observaverat
770 771 857 831 abbas
879 771 1043 856 S.-Leger,
1063 775 1223 856 supplement

292 890 354 950 pag.
375 891 424 950 43·
443 869 637 951 Corrigendus
655 872 739 929 etiarn
757 870 849 930 verbo
865 870 1000 948 Bruuius,
1013 894 1076 953 pag.
1091 895 1145 951 91:
1162 895 1219 934 non

296 972 372 1026 enim
392 990 466 1027 anno
482 989 584 1049 1497,
603 968 653 1028 sed
673 968 746 1048 1496
767 969 806 1028 ibi
826 970 932 1050 prodiit
950 971 979 1029 la
999 971 1066 1051 tegle
1082 971 1128 1029 des
1149 993 1218 1031 mar·

210 1062 227 1071 ”
296 1066 407 1123 cbands.
431 1065 482 1142 96.
505 1066 553 1127 16.

524 1222 727 1294 MATHAEUS
753 1221 792 1293 de
817 1220 986 1306 Cracovii.

331 1375 445 1509 {luctor
465 1377 530 1435 artis
550 1378 676 1443 moriendi
698 1398 749 1457 per
769 1376 885 1460 figuras.
909 1367 989 1451 214.¹

619 1553 884 1627 Mineruam.

332 1706 419 1770 Unde
436 1707 495 1788 ejus
511 1729 589 1770 error
607 1709 714 1769 rarione
731 1710 826 1788 operis
839 1706 881 1767 Pii
898 1705 944 1777 Il,
957 1709 989 1766 de
1001 1707 1105 1767 miseria
1125 1706 1218 1768 Curia·

291 1801 376 1883 lium,
394 1806 482 1869 Tom.
504 1805 526 1866 l.
549 1827 613 1886 170.

636 1982 875 2055 Mittimus.
940 2060 942 2063 ,

260 2153 268 2163 “
329 2134 377 2200 De
401 2159 436 2199 eo
458 2139 635 2206 testimonia,
649 2135 807 2210 Tom.,l.,
830 2157 897 2218 pag·
928 2154 983 2206 20,
1001 2153 1054 2214 31,
1072 2157 1128 2213 41,
1146 2160 1214 2219 390.

289 2235 424 2296 Rationes
443 2257 493 2295 cur
506 2230 587 2294 inulti
605 2234 668 2294 libri
685 2234 805 2320 debeant
820 2235 873 2312 ipsi
894 2230 1066 2311 adjudicari,
1085 2233 1174 2294 Tom·
1190 2235 1215 2299 l.

293 2353 357 2396 112.
375 2333 452 2394 Libri
470 2354 504 2392 ex
522 2331 581 2412 ejus
601 2333 775 2400 charactere,
791 2330 880 2391 Torn.
898 2329 920 2391 1.
940 2351 1003 2412 pag.
1026 2352 1078 2411 ις,
1096 2350 1148 2411 17,
1162 2353 1216 2401 22,

291 2452 347 2512 23,
368 2450 779 2511 ²5’30234235’37³,49r
799 2428 1126 2510 51,54‚79,80‚84,
1144 2450 1215 2504 100,

292 2525 1227 2609 104‚105‚111,115,126,128‚145‚146‚163‚170‚'

292 2648 368 2706 172,
388 2626 460 2701 182,
485 2627 556 2699 184,
573 2624 648 2699 188,
665 2643 739 2704 215,
759 2624 824 2705 318.
840 2625 1007 2684 charactere
1020 2616 1215 2703 rotundo'jam

289 2744 354 2784 ante
377 2745 448 2805 1473
470 2746 535 2783 usus
555 2742 616 2794 est,
636 2721 724 2782 Tum.
744 2721 767 2784 I.
790 2721 853 2783 106.
893 2719 896 2726 ’

616 2918 878 2990 Μ111111111111.

326 3094 361 3156 ln
372 3098 436 3157 attis
448 3064 628 3175 primordii,
640 3094 744 3153 litteras
763 3090 885 3173 majores
896 3112 980 3153 manu
991 3093 1039 3153 sual
1052 3096 1215 3156 atramentis
1246 3125 1248 3128 ·

287 3196 365 3258 rubri
387 3213 434 3254 aut
455 3195 566 3254 caerulei
585 3210 632 3251 aut
650 3193 748 3251 viridis
766 3193 890 3263 coloris,
911 3193 1063 3271 titulosque
1087 3196 1211 3272 capitum

287 3293 474 3372 supplebant,
494 3308 522 3350 et
538 3292 624 3349 etiam
642 3304 732 3347 errata
746 3288 775 3344 in
794 3304 967 3366 unoquoque
982 3290 1136 3367 exemplari
1149 3312 1214 3350 cor·

286 3391 432 3471 rigebant,
449 3394 488 3449 sic
503 3386 569 3469 348·
1051 3421 1054 3427 ·
1163 3408 1165 3412 ·

527 3564 726 3635 Moutvus
750 3559 962 3657 (Marinus.)
1056 3637 1059 3645 ,

307 3794 310 3798 .
328 3738 482 3821 Neapolim
496 3757 614 3820 petens,
629 3737 645 3798 J
647 3760 727 3798 anuae
744 3737 884 3826 impressit
899 3756 974 3825 antro
993 3756 1083 3815 1474,
1097 3759 1169 3819 3253
1182 3758 1210 3810 et

288 3875 407 3944 propter
423 3858 479 3918 hoc
496 3856 615 3918 latinam
633 3857 708 3915 exire
726 3852 816 3932 jussus
831 3869 890 3922 est,
906 3851 973 3931 326.

917 3987 1014 4080 Dar
