3259 5075
167 606 169 609 ’
317 607 385 680 282
600 609 948 684 CODICES

362 796 432 840 mus
456 772 490 838 in
510 793 565 840 xeo
578 774 669 862 filius
689 793 790 840 noster
809 772 939 840 Carolus
958 771 1030 840 Rex
1046 768 1184 840 Francia
1202 773 1241 840 it·
1313 818 1323 837 .

362 893 466 960 lustris
482 895 598 959 eximia*
612 893 765 994 devotione
780 893 970 980 praelarus,
990 893 1151 960 elementia
1171 916 1240 958 rna·

342 1009 467 1095 .jestate
499 1013 665 1099 sublimis,
699 1011 944 1078 mansuetudinis
975 1012 1079 1104 gratia*
1112 1004 1241 1100 persecu

356 1133 494 1218 plenus,
523 1127 682 1226 affluentia⁴
701 1131 828 1220 pietatis
853 1131 1081 1224 progenitorum
1112 1152 1240 1196 suorum

363 1247 643 1317 Xtianissimorum
666 1249 784 1344 Regum
805 1250 944 1316 Francia
961 1249 1111 1316 laudabili
1126 1271 1241 1315 sucees-

365 1366 448 1434 sione
465 1393 590 1457 sequens
614 1371 738 1462 uestigia
740 1419 906 1440 ..........
934 1392 1048 1458 nosque
1071 1387 1098 1434 et
1114 1367 1240 1432 Roma·
1288 1454 1290 1458 V

365 1508 440 1552 nam
469 1488 619 1555 ecelesiam
638 1510 764 1556 matrem
790 1509 826 1556 ut
847 1512 939 1556 suam
966 1489 1009 1555 sic
1023 1485 1117 1578 filiali
1136 1485 1241 1552 studio

363 1629 505 1675 reveretur
521 1629 549 1675 et
564 1631 721 1678 veneratur
735 1630 770 1676 ut
784 1608 903 1676 sineerd
920 1608 1017 1675 cordis
1031 1628 1060 1674 et
1072 1604 1171 1672 animi
1181 1628 1242 1692 pu·

364 1725 450 1791 ritate
464 1730 649 1814 placeat....¹
657 1777 856 1799 ............
857 1815 863 1825 x
882 1728 1015 1796 ecelesias
1043 1747 1072 1793 et
1089 1746 1242 1814 personas

305 1838 307 1842 ’
347 1846 573 1912 'ecclesiasticas
593 1847 643 1912 sui
665 1849 748 1939 regni
764 1870 854 1936 semer
871 1846 985 1912 babens
1003 1845 1114 1911 bonore
1133 1866 1243 1932 easque

364 1962 460 2028 uariis
483 1963 601 2030 decorat
614 1964 780 2058 privilegiis
803 1986 832 2031 et
844 1963 1000 2053 jocalibus
1022 1984 1110 2051 atque
1129 1961 1242 2042 bonis;

364 2077 441 2144 decet
462 2079 554 2173 igitur
555 2131 757 2152 ............
782 2082 915 2149 exaltari
917 2130 1129 2152 .............
1161 2078 1240 2144 Curre

362 2196 463 2286 itaque
483 2197 555 2267 Rex
577 2224 645 2267 uero
667 2202 727 2294 pelo
748 2201 915 2268 devotionis
927 2221 1035 2278 ‚motus
1060 2199 1165 2286 aliqua
1185 2183 1242 2283 jo·

364 2317 444 2395 caelia
467 2340 518 2401 seu
540 2321 702 2409 reliquaria
728 2341 868 2413 argentea
897 2340 926 2386 et
952 2319 1121 2384 nonnullos
1147 2314 1242 2382 libros

363 2436 410 2502 ad
431 2459 521 2503 usum
552 2436 646 2524 liujus
676 2459 839 2508 conventus
870 2438 979 2506 domus
1009 2435 1127 2502 ordinis
1153 2433 1242 2500 Pra-

363 2554 531 2624 dieatorum
558 2556 709 2625 Trecensis
713 2607 805 2629 ......

409 2693 518 2761 Eidem
545 2697 704 2763 conventui
738 2696 848 2763 dederit
882 2696 980 2762 adbuc
1015 2714 1044 2761 et
1072 2694 1138 2761 alia
1170 2693 1243 2758 dare

353 2833 513 2900 proponat
535 2812 622 2901 eujus
647 2836 735 2904 atque
749 2813 873 2900 jocalia
900 2835 930 2881 et
955 2813 1037 2878 bona
1072 2813 1140 2899 ipsa
1167 2811 1243 2878 data

360 2949 450 3017 atque
468 2932 575 2997 dtnda
595 2932 703 3027 ibidem
723 2958 899 3021 permanere
917 2953 944 2999 et
960 2952 1101 3021 perpetuo
1123 2953 1244 2997 conser-

362 3046 441 3115 uari.
466 3047 537 3115 Nos
564 3047 669 3142 Regiis
703 3052 977 3139 supplicationibus
1009 3048 1150 3115 inclinati
1182 3072 1245 3113 au-
1319 3063 1321 3065 ’

275 3213 277 3217 »
363 3164 449 3231 elicita.
472 3168 639 3255 apostoliea*
665 3189 763 3234 tenore
780 3146 966 3257 presentium
991 3166 1026 3231 in
1052 3165 1159 3232 uirtute
1188 3186 1246 3232 stu

365 3285 533 3362 obediencia
551 3306 579 3352 et
593 3286 650 3353 sub
665 3287 989 3355 excommunicationis
998 3284 1085 3373 perid
1099 3284 1152 3371 qui
1168 3306 1247 3347 eon-

344 3421 412 3499 tra
436 3403 622 3484 inhibuerint
633 3428 811 3495 presentem
826 3403 975 3490 facientes
1002 3404 1154 3469 incurrent
1176 3399 1249 3496 ipso

358 3515 447 3605 flecto
450 3571 680 3593 ..............
718 3524 857 3590 inhibens
892 3521 998 3609 nequis
1031 3514 1247 3603 cujuscumque

365 3658 493 3726 status,
520 3642 635 3733 gradus
668 3641 784 3706 ordinis
819 3641 868 3707 vel
899 3633 1083 3715 conditionis
1121 3634 1246 3703 existat.

364 3752 474 3841 Hujus
495 3757 578 3824 modi
595 3756 715 3845 jocalia
736 3780 788 3823 seu
809 3755 973 3843 reliquatio
994 3772 1133 3845 argentea
1159 3772 1187 3816 et
1207 3753 1247 3816 li·

346 3870 433 3969 bros
458 3870 501 3938 sic
518 3895 575 3960 per
592 3875 703 3941 dietum
725 3873 836 3966 Regem
858 3870 928 3961 jam
948 3871 1022 3939 date
1046 3872 1167 3960 aliaque
1187 3891 1244 3957 per
