3259 5075
574 665 654 740 nl)
683 619 893 743 ANNU'M
928 692 1030 766 1490.
1214 694 1258 769 23
1368 714 1373 726 ·

370 818 441 895 ¹sed
456 825 577 921 paginae
594 852 664 898 non
684 854 723 898 ex
745 851 815 922 31,
836 827 892 899 sed
910 854 950 900 ex
968 852 1015 925 30
1032 828 1153 901 tantinn
1168 853 1262 902 cons·

381 960 453 1012 tant
472 944 583 1030 lineis3
604 963 637 1015 et
656 946 764 1016 ultima
786 970 827 1016 ex
855 963 909 1044 ις.

334 1162 389 1251 55
419 1138 464 1221 P.
499 1138 640 1225 Ovidii
675 1141 851 1227 Nasonis
887 1142 1262 1255 metamorphoseon

340 1278 342 1282 ’
393 1268 484 1355 libri
503 1303 593 1357 cum
614 1299 873 1360 commentar.
894 1274 1105 1386 Raphaelis
1125 1278 1260 1398 Regii.

333 1400 516 1514 Ejusdem
548 1403 686 1490 Ovidii
709 1403 800 1490 libri
830 1412 1001 1489 tristium
1031 1437 1121 1491 cum
1143 1438 1261 1492 com·

394 1560 517 1619 ment.
561 1535 831 1622 Bartholomei
866 1521 1049 1620 ¹Merulae⁰
1084 1537 1259 1652 Impress.

376 1661 378 1666 ⁵
401 1666 448 1751 V
441 1668 572 1749 enetiis
584 1684 660 1781 pe'r
674 1667 888 1751 Bemardin
911 1667 1128 1753 Benolium.
1159 1667 1262 1781 (cir-

389 1830 434 1880 ca
465 1800 617 1913 1480.)
649 1798 785 1885 Insol.
815 1830 914 1887 veau
938 1799 1055 1887 brun.

431 1987 513 2058 Pars·
521 1988 660 2060 secunda
671 2009 795 2062 constat
806 1990 920 2064 LXIX
932 1990 1012 2063 foliis
1024 1992 1069 2065 sic
1079 1968 1266 2080 numeratis,
1298 1982 1301 1990 ’

325 2184 390 2295 56
411 2184 614 2269 Leonardi
634 2186 685 2272 de
704 2190 835 2272 Utino
853 2203 1057 2273 sermones
1076 2186 1126 2272 de
1148 2199 1261 2273 sanc}

231 2401 239 2412 ,
389 2321 455 2401 tis.
479 2299 636 2403 In-fol.
663 2349 715 2403 m.
740 2351 775 2406 r.

431 2505 547 2603 Pagina
567 2509 668 2605 prima
689 2508 815 2605 prologi
837 2452 883 2579 est
908 2504 953 2602 38
978 2506 1131 2578 linearum
1154 2522 1186 2577 et
1211 2506 1261 2601 ol·

379 2625 458 2696 tima
484 2648 555 2713 223
578 2627 697 2724 absque
720 2626 895 2723 signaturis.
923 2622 980 2696 De
1001 2623 1039 2696 ei
1065 2620 1188 2696 videtur
1208 2625 1261 2719 agi

378 2744 445 2816 N0.
482 2743 553 2836 689
581 2744 716 2841 catalogi
751 2745 781 2815 la
808 2743 981 2835 Valliere,
1008 2763 1041 2815 et
1080 2742 1261 2814 Crevennae

380 2861 445 2936 ΝΟ.
469 2860 553 2935 681.

325 3084 354 3138 2
373 3059 403 3112 *
427 3059 487 3142 La
511 3065 594 3145 vita
618 3056 683 3144 del
709 3062 833 3144 Beato
866 3061 992 3145 Giov.
1024 3053 1262 3158 ¹Colombini
1357 3048 1361 3056 ’

388 3217 598 3301 composta
626 3221 697 3303 per
724 3191 789 3278 feo
815 3190 968 3276 Belcari
1003 3215 1043 3273 et
1075 3186 1261 3272 mandata

390 3319 429 3403 al
454 3324 679 3436 Magnifico
709 3323 860 3415 huomo
887 3322 1049 3405 Giovan
1075 3318 1117 3402 di
1145 3320 1263 3402 Cosi-

388 3481 459 3535 mo
479 3452 529 3536 de
546 3454 712 3540 Medici.
731 3453 858 3539 Finis.
875 3454 965 3538 Deo
979 3451 1123 3565 gratias
1135 3449 1262 3532 Amen

385 3584 515 3668 lodato
539 3577 604 3667 sio⁴
626 3585 720 3671 Iesu
746 3588 864 3668 Cn'sto
885 3585 982 3698 finit
1007 3615 1080 3696 per
1104 3613 1162 3664 me
1184 3579 1261 3664 Ni·
1418 3678 1420 3683 ¹

390 3716 536 3798 colaum
566 3715 778 3799 Florentiae.
807 3719 932 3817 In·4⁰.
963 3745 1015 3800 m.
1048 3744 1081 3798 r.

432 3898 637 3978 Terminatur
662 3929 736 3978 cum
759 3901 916 4001 signatura
936 3930 955 3973 o
975 3904 1016 3993 ij.

1035 4018 1061 4087 B
1083 4015 1117 4086 iv
