3259 5075
471 518 542 594 286
760 509 1105 613 contens
1322 564 1340 603 ,

517 675 699 770 Gonzaga,
721 670 800 743 sicut
828 689 978 743 testantur
1005 669 1134 766 insignia
1164 663 1256 760 hujus
1288 668 1411 764 gentis*

518 794 651 891 Nomen
675 791 810 864 auctoris
830 791 863 860 in
886 790 1012 862 finesic
1033 792 1166 886 legitur:

564 973 714 1068 Stignour
735 993 811 1041 vous
835 969 886 1038 cte
908 993 979 1040 avet
1005 969 1051 1036 oie
1072 989 1101 1035 et
1122 966 1266 1036 tutandae

565 1110 619 1180 La‘
628 1110 760 1201 passion
778 1109 813 1176 de
834 1108 923 1176 Dicu
939 1108 989 1175 che
1007 1131 1083 1178 vous
1099 1127 1143 1175 cst
1158 1126 1301 1174 montcue

565 1295 718 1334 0000*
744 1293 1078 1317 0000000000
1096 1287 1299 1337 1000140

564 1385 763 1477 Jusquement
778 1409 799 1450 a
815 1384 872 1452 cist
881 1405 965 1475 pont
979 1405 1051 1452 ceste
1069 1408 1156 1457 couse
1171 1408 1193 1450 a
1210 1406 1328 1474 esponu

445 1551 447 1556 ·
564 1523 704 1593 Nicolais
731 1524 881 1592 Veronois
902 1548 917 1590 e
936 1546 1019 1613 pour
1042 1521 1117 1590 rime
1145 1521 1264 1588 etendtce

383 1674 384 1679 ’
472 1698 475 1702 ·
546 1711 548 1715 «
565 1660 635 1730 Mes
657 1662 692 1728 de
711 1661 769 1729 cist
781 1657 845 1749 seit
861 1658 939 1728 n'est
952 1663 1027 1750 plus
1048 1661 1083 1727 de
1102 1660 1148 1728 lui
1167 1659 1242 1730 tinto
1259 1683 1317 1730 tue

467 1808 473 1818 '
565 1799 653 1867 Pour
667 1823 697 1865 ce
709 1801 785 1889 plus
804 1796 875 1866 n’en
892 1799 973 1866 dimi
981 1795 1054 1886 fors
1072 1798 1123 1866 clu
1141 1799 1350 1888 alastepartue

563 1935 628 2006 Jhu
646 1909 722 2008 eoas
744 1937 842 2005 beneio
861 1936 911 2003 cle
932 1961 973 2036 ent!
990 1937 1057 2034 bien
1070 1934 1125 2024 fer
1142 1961 1222 2006 nous
1243 1959 1347 2029 argue.
1461 1975 1463 1978 ·

808 2073 925 2146 Amen.
942 2065 967 2142 ἵ

466 2269 520 2387 18
540 2271 597 2354 Le
613 2267 713 2359 livre
728 2269 778 2356 de
796 2268 942 2396 l’ordre
956 2270 1014 2356 de‘
1024 2297 1103 2356 tres
1118 2269 1295 2354 chretien
1312 2222 1398 2352 Roi

519 2403 572 2490 de
596 2407 751 2492 France
782 2408 893 2519 Loys
921 2411 1103 2490 unzieme
1133 2433 1156 2487 a
1187 2401 1399 2493 lhonneur

521 2536 572 2623 de
598 2540 643 2622 St
672 2538 839 2626 Michel.
866 2533 999 2654 'In-40.

511 2695 514 2712 λ
562 2725 679 2799 Codex
720 2729 819 2824 quinti
857 2730 972 2800 decimi
1003 2728 1099 2800 seculi
1136 2726 1397 2816 membraneus,

515 2846 646 2932 eximius
668 2864 700 2916 et
722 2847 848 2941 elegans
868 2846 944 2944 ’(,ιη
972 2847 1092 2917 e'ctimre
1114 2847 1272 2941 bdtarde.)
1300 2845 1398 2914 Exhi-

466 2981 469 2988 '
513 2963 569 3033 bet
592 2982 697 3032 autem
721 2981 834 3033 statuta
858 2963 975 3035 ordinis
998 2965 1043 3034 Sti
1062 2964 1227 3035 Michaelis
1246 2990 1266 3033 a
1284 2962 1398 3033 Ludo·,

475 3104 476 3107 ¹
514 3078 591 3159 vico
612 3077 662 3147 XI
685 3079 836 3170 instituti,
858 3099 891 3151 et
912 3080 937 3150 si
966 3081 1122 3176 originalis
1148 3107 1216 3153 non
1241 3099 1312 3170 est,
1337 3081 1399 3151 sal-

514 3194 582 3268 tem
607 3218 730 3268 coetus
755 3184 812 3270 est.
1412 3287 1415 3293 ,

561 3316 761 3387 Praemittitur
784 3317 950 3390 miniatura
972 3344 1036 3389 una
1058 3317 1197 3416 quinque
1228 3318 1396 3412 pollicibus

514 3435 600 3525 alta,
619 3436 746 3531 elegans
768 3455 800 3507 et
823 3438 973 3509 exhibens
995 3436 1119 3532 Regem
1143 3438 1176 3505 in
1201 3436 1322 3505 throno
1343 3461 1397 3506 se-

514 3550 670 3644 dentem3
692 3562 766 3626 cum
794 3577 921 3650 sceptyo
949 3577 981 3627 et
1002 3581 1100 3625 manu
1126 3551 1248 3642 justitiae
1273 3571 1306 3623 et
1336 3556 1397 3625 cir·

513 3695 587 3742 cum
609 3671 764 3745 adstantes
782 3673 924 3770 equites,
942 3698 1016 3746 cum
1035 3671 1173 3741 vestibus
1191 3689 1223 3741 et
1241 3692 1396 3766 apparatu

516 3787 643 3864 ordinis.
692 3802 696 3810 ’
998 3828 1001 3836 f
