3259 5075
1012 546 1026 579 N

574 600 607 673 A
632 600 665 674 N
689 600 723 673 N
747 600 783 674 0
837 599 944 700 1498.⁴
1151 614 1226 706 '2‘45'
1315 631 1319 638 ’

394 737 618 812 Terminantur
640 766 802 813 sermones
823 768 896 814 cum
915 738 1070 837 signoruni
1087 742 1170 832 oij,
1192 759 1225 813 et

348 883 421 930 cum
447 885 513 928 una
536 863 723 929 exortatione
735 857 828 948 facta
850 866 887 933 ul
902 866 1019 953 popolo
1042 864 1097 932 dal
1114 862 1158 933 R.
1183 863 1226 934 P.

346 980 398 1048 Fr.
420 977 600 1047 Hieronimo
618 981 699 1048 nella
721 979 819 1047 chiesa
835 981 869 1047 di
887 1004 947 1048 rau
969 979 1100 1049 Marcio
1118 982 1150 1047 di
1171 980 1226 1046 Fi·

346 1120 430 1191 renpe
456 1099 509 1164 adi
531 1097 603 1165 VII
619 1098 651 1163 di
679 1097 787 1186 Aprile
817 1095 907 1190 1498
910 1148 1163 1170 ...............
1189 1099 1225 1164 in

346 1212 462 1311 Piapna
478 1217 513 1282 de
531 1216 646 1308 signori
655 1192 795 1304 perifare
810 1219 842 1282 lo
859 1219 1058 1304 experimento
1074 1211 1227 1303 delficoco

347 1357 378 1400 se
394 1337 420 1401 le
430 1333 582 1421 prophetie
595 1334 747 1422 predicare
769 1335 826 1401 dol
843 1335 923 1400 docto
938 1332 1023 1422 frate
1045 1333 1228 1402 Hieronimo

348 1474 441 1517 erano
461 1476 524 1520 uere
541 1474 559 1515 o
576 1474 629 1521 no.
645 1472 674 1518 er
688 1477 745 1541 per
760 1454 792 1520 lo
802 1473 893 1540 parre
914 1453 949 1519 dr
960 1450 1044 1538 frati
1060 1454 1093 1518 di
1109 1473 1156 1519 sto
1174 1452 1230 1517 do·

348 1567 483 1637 meuirho
500 1555 614 1639 uaoevi
633 1595 655 1636 a
674 1571 787 1638 intrare
800 1567 982 1657 -nelfuoclzo
991 1566 1079 1657 fratr
1093 1556 1230 1638 domeni·

289 1732 292 1737 -
348 1686 402 1775 ciro
416 1686 596 1771 doPrrciA3
613 1688 708 1780 etpe'r
722 1692 755 1759 lo
764 1708 853 1777 parre
868 1684 995 1776 defruti
1007 1688 1040 1755 di
1049 1711 1111 1754 ran
1122 1689 1230 1754 Fran·
1303 1728 1305 1732 ·

347 1804 447 1871 roscio
453 1800 512 1898 fra
532 1803 683 1875 Giuliano
700 1791 937 1878 Rondinellidu
955 1806 1095 1900 Firenpe,
1109 1821 1171 1874 erc.

396 1922 584 1993 Exhortatio
608 1924 677 1994 haec
707 1943 754 1995 est
781 1922 860 1993 veri
891 1921 1052 2017 singularis
1077 1947 1114 1993 ac
1137 1921 1232 2015 plena

351 2037 469 2109 ardoris
495 2058 527 2110 et
551 2036 750 2136 arrogantiae.
781 2038 839 2110 De
862 2039 926 2136 qui
951 2039 1025 2110 vide
1048 2020 1174 2110 Echard
1200 2039 1234 2108 in

349 2162 414 2232 uini
429 2163 653 2246 savonarum,
673 2157 878 2245 etTournon
894 2160 1016 2227 histoire
1032 2160 1083 2226 des
1099 2158 1233 2225 hommes

352 2279 480 2346 illustres
513 2279 548 2344 de
577 2277 687 2350 l'ordre
718 2280 753 2346 de
779 2280 829 2348 St.
856 2277 1074 2367 Domitiique,
1098 2276 1188 2364 impr.
1213 2270 1235 2340 ἆ

353 2397 446 2464 Puris
480 2396 571 2486 1746
586 2446 597 2482 ,
619 2393 719 2482 in-4⁰‚
746 2391 847 2465 Tom.
877 2393 939 2481 ΙΠ,
967 2392 1022 2464 ubi
1053 2391 1122 2462 fuse
1149 2391 1234 2479 uita,

353 2530 458 2607 gesta,
476 2509 605 2608 ejusque
618 2509 824 2583 dissentiones
842 2535 916 2581 cum
930 2509 1141 2581 Franciscanis
1158 2533 1236 2581 enu-

354 2650 524 2702 merantur.
547 2630 582 2701 Ο
606 2628 772 2725 tempora!
799 2630 821 2701 ὃ
841 2626 970 2701 mores!

268 2754 271 2766 '
339 2828 341 2831 y
402 2749 480 2819 Tria
506 2750 575 2821 haec
597 2746 762 2834 volumina
790 2750 985 2820 constituunt
1013 2745 1238 2819 collectionem
1353 2780 1357 2787 ·

356 2893 539 2939 sermonum
561 2869 691 2939 celebris
713 2864 805 2960 hujus
828 2865 1049 2939 Dominicaui.

309 3092 362 3174 30
384 3068 577 3150 Examina
600 3065 641 3151 di
669 3065 726 3148 fra
753 3066 994 3150 Hieronimo
1019 3061 1061 3149 di
1086 3059 1237 3149 Nicolo

361 3195 607 3283 Savonarola
636 3195 685 3280 da
713 3197 879 3281 Ferrara
906 3194 985 3281 dell
1017 3195 1159 3280 ordine
1188 3192 1239 3279 de
1301 3184 1306 3194 ’

363 3328 609 3414 Predicatori
633 3328 733 3410 facta
762 3322 803 3409 di
831 3327 885 3412 lui
911 3324 1005 3411 dalli
1032 3324 1240 3435 spectabili
1418 3422 1419 3426 Ἴ

367 3488 407 3545 er
428 3461 616 3573 prudenti
640 3460 821 3543 huomini
847 3462 1074 3544 comessarii
1093 3483 1132 3540 et
1152 3484 1240 3538 exa·
1346 3495 1349 3500 ·

365 3600 552 3677 minatori
579 3589 674 3677 delli
706 3589 851 3677 excelsi
883 3595 1038 3705 signori
1068 3590 1240 3670 Fioren·

370 3730 460 3806 tini.
491 3726 609 3808 Anno
632 3724 776 3809 domini
804 3727 938 3836 1498,
961 3721 1020 3803 die
1049 3718 1163 3808 VIII
1183 3720 1244 3806 Α·

363 3858 490 3971 prilis,
521 3860 656 3958 111040.
749 3934 751 3940 .

963 3970 966 3981 ⁴
1014 3962 1097 4058 Qiij
