3259 5075
293 580 296 587 ¹
391 552 510 645 96Ἰ
658 536 1047 621 L'IBRISUB

487 685 575 758 Folia
593 707 795 759 numerantur
817 707 849 759 et
874 688 1044 782 signanturss
1067 683 1150 758 Vide
1174 687 1263 760 catal.
1286 691 1316 759 la

440 802 581 877 Vallitre
602 804 671 876 ΝΟ.
698 826 802 903 1195·

318 945 322 953 -
389 1030 416 1116 7
444 1005 616 1088 Simonis
645 981 856 1087 de'cassia
880 997 1221 1120 volgarizamento
1250 1002 1316 1089 dei

354 1204 357 1210 ,
441 1134 472 1216 li
497 1140 565 1228 IV
594 1134 804 1249 evangelii.
836 1135 977 1222 Iri-fol.
1009 1134 1128 1222 ve'lin.

351 1407 354 1413 ι
481 1325 518 1394 In
548 1327 611 1396 fine
641 1326 782 1422 legitur:
802 1329 899 1417 finito
928 1333 958 1396 el
985 1350 1093 1420 quarto
1122 1331 1198 1396 libro
1228 1330 1263 1395 de
1289 1326 1314 1396 li

257 1421 270 1446 ⁸
433 1448 578 1540 evangelii
604 1470 660 1513 con
682 1450 708 1514 le
729 1448 915 1537 expositione
939 1450 969 1515 el
992 1450 1079 1538 quale
1100 1467 1196 1513 tracta
1220 1470 1312 1534 sopra

342 1603 344 1607 <
395 1564 396 1567 ’
432 1567 466 1632 la
492 1567 638 1653 passione
668 1591 682 1632 e
710 1588 803 1633 rnorte
833 1586 862 1632 et
893 1569 1100 1653 resurreetione
1131 1566 1180 1630 del
1207 1585 1339 1656 nostro

431 1682 549 1776 signore
576 1679 611 1750 Y
607 1683 678 1750 Iresn
705 1677 823 1751 Christo
851 1685 1039 1778 vulgarirato
1063 1707 1121 1772 per
1140 1679 1226 1768 frate
1255 1682 1312 1747 Si·

346 1825 350 1835 ·
430 1823 519 1866 mone
543 1802 585 1867 da
609 1799 717 1869 Cassia
739 1803 787 1868 del
817 1803 922 1869 ordine
948 1803 983 1868 de
1003 1798 1087 1887 frati
1111 1799 1311 1868 ¹Herernitani

432 1917 576 2006 impresso
603 1919 638 1986 in
654 1920 794 1986 Venetia
810 1945 868 2009 per
894 1917 1064 1986 Hannibal
1084 1919 1125 1984 da
1152 1920 1241 2001 Fooro
1269 1895 1312 1984 da

428 2033 548 2103 Parma
570 2039 650 2104 netto
673 2061 759 2104 anno
785 2038 834 2105 del
854 2036 902 2107 M.
933 2033 1070 2106 0000.
1091 2033 1310 2121 'LXXXVI,

428 2133 482 2220 adi
497 2157 667 2244 penultimo
689 2157 720 2223 di
742 2156 934 2224 DecembriO.
1303 2165 1307 2173 '

361 2276 366 2293 '
476 2269 554 2371 Trir
578 2271 686 2344 indicis
714 2265 791 2342 folia
816 2257 1045 2365 praemittuntur
1070 2290 1105 2341 et
1123 2289 1236 2366 quarto
1260 2270 1310 2340 fo-‘

426 2384 472 2457 lio
495 2376 545 2458 sic.
560 2388 667 2484 incipit
692 2389 795 2460 titulus
819 2391 1000 2460 charactere
1024 2389 1144 2458 rubro:
1164 2393 1200 2456 al
1220 2413 1309 2455 nome

425 2509 461 2576 de
481 2508 583 2598 ylzesn
612 2509 721 2578 christo
750 2511 830 2579 eruci
877 2534 895 2576 0
923 2510 1105 2579 eornrrtencia
1133 2506 1163 2576 el
1182 2511 1309 2601 prologo

425 2625 461 2690 de
487 2626 562 2693 Fra.
594 2624 699 2691 Guido
733 2627 784 2692 del
811 2627 887 2691 libro
919 2621 1006 2710 infra
1036 2622 1145 2711 scripto
1179 2626 1238 2690 cine
1273 2628 1309 2693 de

424 2743 490 2806 loro
506 2742 652 2834 evangelii
668 2765 724 2808 eon
740 2740 766 2808 le
788 2741 975 2829 expositione
1002 2742 1089 2806 Forte
1098 2787 1100 2789 -
1102 2764 1160 2828 per
1180 2741 1307 2809 Simone

423 2858 465 2923 da
488 2856 597 2925 Cassia
616 2858 666 2924 del
685 2858 790 2924 ordine
811 2858 846 2924 de
867 2859 983 2923 Sancto
1005 2857 1193 2950 Augustino.
1217 2857 1307 2928 Folia

422 2969 613 3066 signantur,
644 2973 770 3044 arabit&
806 2990 1010 3045 numerantur
1049 2991 1081 3041 et
1114 2991 1185 3043 sunt
1224 2992 1306 3072 1524

422 3088 593 3166 Omnibus¹
628 3090 696 3161 fer&
742 3090 966 3186 bibliographis
1014 3089 1148 3161 Italianis
1195 3090 1304 3186 ignota

420 3207 479 3279 fuit
501 3208 570 3278 haec
598 3206 705 3279 editio.
736 3208 874 3297 Pauori,
898 3208 1008 3306 Haym
1033 3228 1065 3279 et
1087 3209 1138 3279 atii
1159 3234 1219 3303 pro
1239 3211 1303 3303 pri-

421 3325 475 3397 mi
501 3307 665 3398 recensent
688 3352 758 3398 earn
779 3354 874 3423 quam
891 3354 986 3399 'anno
1018 3330 1110 3422 1496
1135 3306 1301 3397 Florentiae

419 3445 574 3541 impressit
590 3446 772 3518 'Francesco
797 3445 837 3535 de
859 3427 953 3519 Libri.
981 3445 1080 3536 Unde
1101 3433 1182 3515 inter
1207 3448 1301 3516 raris·

419 3568 516 3636 simos
539 3566 651 3661 linguae
678 3561 839 3637 Toscanae
863 3565 959 3636 libros
984 3565 1130 3635 revocari
1157 3565 1274 3658 potesti

272 3879 275 3883 ⁴
369 3761 395 3843 8
430 3758 595 3890 Mathoni
643 3751 808 3850 Collatii
853 3787 1129 3876 cognomento
1175 3762 1298 3851 Siculi

1211 3980 1213 3983 ,
1248 3921 1299 3983 ex
