3259 5075
433 644 485 719 74
635 555 905 708 ‘ttoni
955 612 1088 693 suss

491 756 555 844 De
582 753 676 842 veri
704 779 745 839 et
770 751 869 839 falsi
896 745 1142 864 poenitentia.

418 871 420 876 ⁵
489 892 553 977 De
583 894 829 975 contritione
853 885 1001 971 cordis.

392 1096 395 1104 .
489 1023 554 1108 De
582 1045 818 1133 contemptu
843 1016 1004 1103 Mundi.

489 1155 554 1238 De
581 1158 865 1240 convenientia
901 1148 1040 1236 decem
1074 1170 1364 1262 praeceptorum

588 1318 590 1323 ·
627 1312 667 1369 et
689 1284 827 1370 decem
844 1282 1053 1399 plagarum
1075 1281 1251 1397 AEgipti.

439 1479 441 1483 -
490 1417 555 1502 De
583 1423 824 1534 cognitione
848 1446 950 1504 verae
978 1423 1084 1502 vitre.
1158 1414 1161 1418 ’

489 1550 801 1637 Confessionum
826 1549 917 1661 libri
945 1549 1065 1635 XIIl.

488 1683 554 1766 ue
583 1664 771 1769 ducunt
801 1681 1029 1766 christiano
1055 1679 1146 1766 ubst
1170 1684 1247 1774 tv.

488 1790 660 1900 De'tide
688 1815 941 1928 adPettunr.
1069 1860 1072 1867 ·

460 1947 560 2030 ·De‘
579 1948 758 2035 moribus
783 1972 823 2032 et
843 1945 925 2035 viti
947 1931 1194 2033 Clericorunt
1217 1973 1366 2030 senno·

643 2111 714 2166 nes
745 2080 843 2166 duo.

486 2204 552 2298 Dc
580 2211 673 2302 veri
693 2212 923 2328 Religione.
942 2216 1086 2326 In³·4⁰.¹

526 2385 603 2457 Post
625 2385 762 2459 indicem
788 2386 932 2483 sequitui
962 2411 1041 2481 opus
1067 2383 1193 2456 Eusebii
1227 2379 1365 2453 Corratsr

479 2503 657 2576 Mediolan.
683 2504 842 2610 Canonici
870 2504 1087 2575 Laterancnsis
1109 2501 1149 2575 ad
1172 2500 1297 2573 Sixtum
1315 2499 1364 2573 lV
1396 2552 1400 2559 ‚

460 2647 540 2726 ‚P¹.⁰
568 2622 753 2699 aufferendo
782 2622 823 2691 de
852 2620 995 2692 Ecclesiti
1026 2646 1135 2692 errore
1161 2619 1364 2692 scribentium

353 2823 356 2830 ἢ
479 2758 625 2811 sanctum
655 2739 868 2835 Augustinum
897 2740 1056 2810 Ecclesiae·
1071 2731 1241 2811 doctoreni
1268 2737 1363 2808 fuisse

478 2854 700 2944 Heremitam3
724 2859 809 2929 etin
834 2855 926 2947 hujus
948 2858 1010 2929 fine
1033 2877 1119 2929 extat
1143 2856 1227 2929 aliud
1254 2856 1362 2927 Sancti

478 2972 644 3070 Augustini
661 2981 840 3067 opusculum
856 2980 891 3044 de
909 2978 1020 3067 spiriru
1041 2998 1069 3044 et
1084 2978 1196 3074 onimti
1211 3004 1220 3061 ;
1241 2992 1363 3078 etpost

478 3089 643 3188 registrum
671 3096 803 3190 legitur:
830 3121 887 3187 per
911 3096 962 3166 M.
989 3097 1151 3163 Andream
1174 3097 1209 3163 de
1234 3095 1363 3162 Boneris

363 3201 372 3291 s
477 3215 513 3281 de
536 3214 640 3305 Papia
663 3197 797 3283 Veneriis
819 3217 966 3307 impressa
980 3211 1136 3303 suerunt,
1156 3229 1217 3284 etc.
1246 3210 1361 3300 1484,

478 3333 525 3399 die
546 3355 585 3426 23
612 3334 725 3402 mensis
746 3333 835 3405 Iulii.

526 3448 699 3522 Character
716 3450 879 3544 gothicus,
893 3459 972 3522 cum'
979 3449 1153 3544 signaturis.
1173 3444 1362 3543 Descriptio

477 3567 546 3638 haec
568 3569 625 3638 erit
647 3594 707 3662 pro
734 3569 956 3662 supplemento
981 3566 1023 3637 ad
1049 3566 1233 3654 Maittaire,
1257 3563 1360 3636 Torn.

476 3684 604 3776 primo,
626 3710 698 3780 pag.
722 3708 805 3782 451.
1052 3685 1056 3696 ’

433 3890 454 3976 3
484 3859 621 3946 Sancti
650 3860 872 3976 Augustini
910 3888 1113 3948 sermones
1142 3859 1195 3946 ad
1225 3855 1360 3945 Here-
