3259 5075
431 586 479 659 60
695 580 1085 651 LIBRISUB

490 721 660 811 Veneriis
689 716 885 802 lithardus
916 717 1075 802 Rordolt
1113 719 1256 831 14825
1289 749 1352 801 oc·

486 857 583 936 ravis
608 853 778 936 Kalend.
816 849 938 935 lunii.
967 848 1124 935 In·f0l.

527 1005 721 1075 Enrrro
758 1020 1032 1083 PRINCEPS..
1081 1034 1084 1039 ·

527 1164 629 1258 Operi
651 1161 847 1257 praemittitur
875 1165 1001 1254 piacola
1023 1162 1155 1237 Ratdolt,
1173 1161 1353 1260 eypograplzz'
1386 1244 1388 1249 .
1453 1140 1456 1145 ¹

480 1284 524 1356 ad
538 1283 661 1362 Joann.
684 1282 868 1377 Motenigo,
892 1299 924 1350 et
944 1281 976 1350 in
997 1281 1061 1352 hoc
1079 1281 1248 1375 exemplari
1269 1298 1354 1350 atra-

478 1418 588 1471 mento
610 1425 682 1471 usus
705 1418 751 1476 est
774 1400 859 1475 aurei
878 1399 1005 1475 coloris.
1027 1399 1111 1470 Hinc
1134 1399 1252 1494 aliquot
1279 1423 1354 1475 auc·

478 1537 563 1595 tores
585 1517 691 1594 dixere
715 1521 952 1617 typographum
973 1521 1059 1593 hunc
1081 1519 1268 1615 impressisse
1285 1518 1355 1595 Eu-

478 1640 581 1707 clidem
605 1663 679 1709 curn
705 1639 935 1712 characteribus
955 1639 1068 1712 aureis.

526 1755 696 1838 Rarissima
715 1776 786 1828 sunt
808 1754 900 1847 hujus
927 1757 1048 1853 generis
1073 1755 1272 1850 exemplaria.

433 1958 480 2016 11
516 1932 756 2019 Exhortatio
780 1933 831 2018 de
853 1929 1122 2019 celebratione
1144 1935 1261 2018 misse
1284 1960 1354 2044 per

484 2064 650 2151 modurn
671 2065 823 2184 dialogi
842 2073 945 2153 inter
966 2066 1202 2159 Pontificem
1226 2092 1266 2150 et
1284 2069 1356 2152 Sa·

360 2254 363 2259 ·
485 2198 704 2286 cerdotem.
733 2205 868 2304 In·4⁰.

523 2371 559 2441 ln
578 2374 641 2445 fine
661 2375 772 2471 legitur
790 2403 799 2448 :
828 2378 968 2470 Explicit
990 2377 1158 2457 exhortatio
1190 2398 1241 2449 etc.
1267 2399 1356 2444 anno

477 2490 641 2581 Lxxxjj.

524 2610 642 2705 Pagina
668 2615 776 2683 ultima
801 2640 842 2685 ex
865 2636 909 2707 27
928 2617 1040 2699 lineis;
1061 2640 1101 2687 ex
1127 2639 1150 2707 9
1172 2613 1274 2683 foliis:
1303 2612 1358 2693 f0.·'

475 2727 516 2797 lia
542 2728 711 2823 signantur.
749 2730 874 2802 Litterae
908 2732 1093 2825 principales
1128 2731 1215 2824 ligno
1247 2730 1354 2801 incisae

476 2865 548 2916 sunt
576 2845 616 2916 ad
641 2846 777 2918 formam
807 2873 917 2921 earum
943 2850 1056 2946 quibus
1082 2848 1195 2921 Richel
1224 2849 1355 2921 Basileae

423 3013 426 3020 ·
475 2965 619 3035 utebatur
642 2991 701 3059 pro
725 2968 848 3040 Bibliis.

433 3150 480 3215 12
514 3122 760 3210 Bartholom.
798 3126 849 3218 de
880 3124 1080 3230 Glanvilla
1099 3124 1148 3210 de
1169 3130 1351 3237 proprie-

485 3255 631 3343 tatibus
652 3290 796 3380 rerunt.
830 3259 1006 3374 Impress.
1029 3293 1103 3374 per
1126 3260 1230 3342 Perr.
1266 3256 1353 3340 Un-

477 3420 635 3507 garum,
658 3392 725 3477 sub
751 3428 850 3491 anno
874 3396 973 3489 doma
996 3396 1130 3477 milles.
1156 3390 1352 3505 quadring.

481 3510 730 3640 octuagesimo
761 3528 920 3616 secundo
958 3528 1017 3611 die
1050 3560 1137 3611 vero
1172 3523 1354 3622 Novem-r

377 3695 380 3701 ·
471 3655 569 3787 bris.
598 3656 721 3744 XXI.
750 3657 899 3744 In-fol.

430 3850 477 3935 13
509 3828 568 3913 Le
604 3826 702 3917 livre
737 3830 808 3924 des
846 3830 1070 3945 propriete's
1103 3828 1182 3917 des
1210 3829 1351 3914 choses
