3259 5075
488 513 1003 603 ψΜΑΝωειὶιΡτι.
1052 527 1054 529 ’
1144 499 1221 620 ⁷303
1287 562 1290 567 -

397 676 711 777 Opus-splendidum
733 665 764 749 et
789 677 918 772 optimae
944 676 1226 767 conservationis3

223 852 242 874 e
349 826 389 872 ex
414 824 454 896 23
480 798 572 870 foliis.
602 796 711 868 Primo
734 795 910 892 depingitur
932 817 1043 868 auctor
1068 821 1159 868 suum
1185 799 1227 868 li·

349 920 442 990 brum
459 918 596 990 offerens
614 916 695 1012 Regi
715 916 828 987 Galliae
845 915 991 988 Henrice
1009 916 1173 1005 secundo,
1195 935 1228 988 et

348 1040 530 1136 legitursan
540 1064 597 1111 tres
609 1041 734 1110 clernien
751 1040 826 1130 Roy
836 1064 910 1107 mon
921 1042 1082 1110 souverain
1094 1042 1233 1136 seigneur

346 1184 422 1249 moy
442 1161 544 1232 lehari
568 1157 689 1228 Hubert
707 1181 766 1226 son
790 1159 933 1227 serviteur
952 1161 1075 1254 indigne
1094 1162 1181 1228 salut
1202 1180 1229 1227 te

349 1280 451 1347 denne
472 1303 543 1348 avec
569 1278 692 1372 gleire,
714 1274 854 1343 honneur
872 1301 938 1370 par
960 1277 1184 1349 Iesus-Christ
1201 1262 1232 1345 et

349 1399 383 1464 le
407 1398 500 1490 vierge
526 1396 651 1489 begnine
663 1419 677 1478 ;
707 1410 740 1463 et
762 1412 935 1488 sequuntur
960 1393 1096 1465 auctoris
1122 1418 1231 1467 versus
1260 1444 1265 1454 ·

349 1513 465 1610 quibus
481 1511 564 1583 dicat
582 1530 615 1582 et
636 1529 804 1583 consecrat
822 1536 915 1583 suum
932 1535 1035 1606 opus,
1052 1512 1121 1583 sic:

398 1710 488 1800 Pnys
509 1707 646 1800 qn’ainsi
666 1730 711 1779 est
733 1710 800 1777 Sire
821 1734 878 1800 que
890 1708 928 1798 je
952 1707 1121 1782 rn’avance.

331 1861 338 1880 ·
403 1845 447 1913 Te
467 1843 622 1937 pre'senter
644 1872 673 1915 ee
698 1847 770 1919 livre
790 1847 832 1914 tel
852 1845 931 1937 qu’il
949 1867 993 1915 est

402 1984 485 2075 Crey
502 1966 550 2054 'sil
567 2006 594 2054 te
607 1986 708 2076 pleisc
725 2009 782 2075 que
802 2007 878 2052 mon
900 1988 995 2052 onltre
1015 1987 1170 2076 cnydance

401 2122 451 2190 Ne
467 2124 499 2190 *le
514 2121 600 2210 fain
613 2091 699 2212 pas:
725 2124 806 2191 mais
829 2147 875 2189 nn
898 2124 1005 2188 double
1028 2122 1150 2218 ineerest

403 2258 459 2325 On
471 2257 506 2343 je
522 2259 587 2326 suis
603 2260 662 2326 mis
681 2255 806 2349 (envers
824 2256 906 2350 roy)¹
917 2259 995 2324 dont
1009 2254 1100 2351 l'ung
1111 2255 1185 2330 e’en
1266 2325 1270 2330 .
1352 2249 1354 2251 ¹

404 2395 475 2487 Qne
491 2416 524 2462 tu
544 2420 574 2463 es
590 2396 655 2463 Roi
674 2420 748 2462 mon
767 2398 905 2489 seigneur
923 2415 952 2463 et
970 2419 1045 2463 neon
1059 2396 1167 2484 prinu
1252 2471 1256 2477 ,

403 2532 475 2599 Mei
497 2553 552 2601 ton
575 2531 690 2619 subject
709 2533 847 2602 moindre
870 2533 905 2600 de
929 2536 963 2601 la
980 2533 1126 2622 province

403 2669 450 2736 Er
471 2665 623 2763 tenteffivis
646 2690 680 2736 ta
701 2670 805 2763 grand
825 2665 918 2735 bonre'
941 2670 1084 2737 eondnist

405 2806 492 2875 Pour
512 2807 619 2876 l’autre
632 2808 728 2897 point
747 2831 821 2876 mon
844 2808 976 2879 vonlloir
996 2805 1075 2898 qu’il
1090 2808 1190 2880 evitne

301 2972 304 2978 ¹
407 2942 572 3035 Timidire',
593 2948 678 3014 souls
700 2941 824 3037 l‘espere'
845 2947 983 3036 desduyt.
1015 2992 1017 2995 -

406 3138 499 3209 Folio
515 3136 594 3211 verb
608 3164 704 3212 verso
724 3164 763 3214 21
779 3139 892 3237 legitur
903 3166 1003 3212 annus
1019 3139 1134 3238 1548,
1150 3159 1183 3213 et
1193 3163 1235 3237 23
1253 3132 1256 3138 ⁴

306 3334 308 3339 ,
359 3280 397 3327 ac
413 3257 526 3328 ultimo
542 3257 583 3328 de
601 3284 693 3329 novo
712 3260 755 3329 sic
772 3260 912 3353 loquitur
927 3285 937 3329 ε
954 3282 1072 3329 autres
1090 3261 1239 3330 ebrenim

252 3364 254 3367 ¹
362 3376 438 3466 Roy
455 3401 531 3443 rnon
549 3380 711 3446 souverain
728 3379 886 3471 seigneur:

411 3571 526 3663 Quant
554 3593 588 3640 ne
615 3595 710 3641 auras
738 3572 806 3640 Sire
836 3595 866 3638 ee
890 3570 967 3641 'livre
995 3595 1052 3641 ven

411 3723 448 3795 Je
475 3706 617 3829 ieferay
641 3750 700 3800 tres
727 3728 929 3799 humblement
952 3745 1107 3816 requeste.
1208 3727 1210 3730 ’
1291 3778 1296 3795 e
