3259 5075
447 619 930 714 nonuscniosi.
1017 609 1020 616 ’
1085 639 1152 738 283

204 823 215 844 ·
279 818 346 864 enm
362 795 467 865 danda
484 799 637 885 alienare,
651 799 930 893 impignorareque‚
948 799 1077 868 autolio
1091 825 1156 868 mo·

162 968 165 976 .
279 916 321 980 do
342 916 501 985 distrahere
517 938 700 1007 pnesuntat,
723 942 775 985 nec
795 919 832 985 id
840 905 1026 1006 facientibus
1036 940 1159 1008 prostes
1266 918 1268 924 ⁴

182 1081 185 1087 -
280 1033 454 1123 auxilinm,
474 1037 659 1124 consitium,
682 1039 731 1106 vel
738 1033 884 1122 flosorem
901 1038 1157 1106 nonobstantibus

278 1153 515 1242 exemptionibus
535 1175 564 1220 et
584 1155 656 1222 aliis
676 1153 909 1244 quibuscumque
932 1156 1098 1250 privilegiis
1121 1180 1158 1223 aa

277 1269 382 1338 litteris
402 1271 605 1361 apostolicis,
634 1288 685 1338 etc
688 1321 833 1343 .........
866 1269 973 1339 dotum
1001 1272 1160 1343 Aninione

277 1409 388 1476 quarto
413 1389 551 1459 Kalend.
577 1387 690 1455 Martii
718 1386 922 1476 Pontificanis
951 1370 1049 1458 nostri
1070 1415 1158 1458 anno

256 1562 260 1574 .
269 1507 386 1593 ptim0.

184 1615 186 1619 ’
328 1625 488 1719 Originale
500 1628 666 1704 custoditur
678 1628 713 1695 in
735 1618 868 1718 deposito
888 1625 983 1714 bajus
1006 1625 1158 1695 Trecensis

275 1742 464 1815 convenitis.'
569 1762 571 1766 ’
1006 1757 1008 1762 ’

324 1896 456 1968 Nomen
491 1897 646 1971 Gerlandi
677 1898 833 1997 nusquzim
864 1919 995 1994 apparet
1025 1899 1058 1969 in
1088 1919 1159 1971 toto
1204 1950 1206 1957 -

275 2014 395 2086 codicis
415 2015 573 2106 decursu,
598 2044 660 2090 nec
679 2019 783 2089 titulus
809 2017 935 2089 aliundb
957 2020 1161 2113 cognoscitur

275 2159 371 2228 quam
402 2136 506 2203 verbis
538 2137 735 2228 postremis:
769 2140 894 2226 explicit
928 2137 1065 2205 candela.
1102 2133 1161 2205 De

276 2251 441 2321 Gerlnndo
463 2272 495 2322 et
519 2250 584 2339 ejus
609 2278 708 2348 opere
729 2251 803 2323 vide
826 2255 938 2324 Joutn.
963 2255 999 2322 de
1020 2251 1161 2323 Trevottx
1235 2295 1243 2308 ·

280 2372 396 2461 1763,
415 2396 493 2459 pag.
523 2395 625 2464 1317.

234 2589 288 2673 15w
314 2565 416 2649 Petit
445 2565 598 2650 traictie'
623 2565 775 2652 d’entre
808 2566 919 2651 l’ame
949 2566 1095 2654 devote
1121 2591 1162 2651 et

282 2695 320 2781 le
348 2719 441 2785 cuer
475 2697 651 2814 lequelle·
680 2699 863 2812 s’appelle
897 2698 934 2784 le
965 2699 1160 2784 mortifie·
1280 2769 1282 2775 .

282 2858 394 2915 ment
422 2832 472 2917 de
501 2839 617 2918 vaine
646 2832 848 2945 plaisance
875 2837 947 2919 fait
976 2859 1017 2917 et
1044 2863 1164 2936 com·

281 2965 381 3076 pose'
424 2994 495 3077 par
537 2966 654 3050 Rene'
695 2967 780 3051 Rei
818 2964 870 3052 de
918 2965 1037 3051 Sicile
1082 2964 1161 3052 duc

265 3090 493 3212 'd'Anjou,
522 3126 561 3182 et
585 3079 736 3210 parlui
761 3098 906 3185 mande'
932 3125 972 3185 et
999 3097 1161 3184 intitule'

283 3256 410 3315 atres
444 3221 636 3316 reiere'nd
671 3262 764 3342 pere
799 3261 849 3315 en
881 3234 985 3316 Dieu
1026 3230 1162 3316 l'arce·
1198 3234 1201 3241 ’

283 3391 431 3474 vesque
460 3362 510 3448 de
536 3365 672 3447 Tours
703 3362 837 3474 (Jean
840 3421 1036 3449 .........
1052 3364 1072 3474 )
1104 3362 1162 3447 le-

281 3494 374 3603 quel
395 3494 549 3581 traictib
576 3494 634 3578 fut
656 3494 726 3579 fait
750 3524 800 3579 en
825 3493 900 3579 l'an
927 3493 996 3578 mil
1020 3522 1162 3610 quatre
1198 3589 1200 3594 ¹

283 3651 376 3706 cent
397 3634 614 3740 cinquante
640 3656 679 3712 et
701 3634 853 3741 cincq,
882 3630 921 3711 e't
942 3628 1024 3712 s’en
1051 3656 1161 3711 com·

283 3786 422 3876 menne
441 3792 597 3845 comme
617 3794 665 3873 cy
687 3774 800 3875 apres
825 3766 986 3847 sensuit.
1012 3755 1157 3844 Iti-fol.
1224 3855 1227 3865 „
1298 3841 1302 3850 ,
1346 3850 1351 3859 s

282 3917 336 3972 m.
364 3890 488 4011 nord,
516 3893 665 3988 double'
695 3894 745 3981 de
773 3894 889 3980 tabis.
1008 3916 1011 3923 “
