3259 5075
319 538 390 630 276
602 527 948 604 CODICES

371 670 479 776 XII,
505 667 555 756 de
573 696 717 783 papatu
737 667 1057 775 contendentes,
1056 649 1117 750 'et
1136 667 1242 751 circa

371 809 487 888 unius
509 829 548 886 et
570 800 728 888 alterius
752 801 1046 950 electionem,
1036 829 1078 883 tn
1097 797 1241 912 quibus

370 940 478 1020 varia
515 959 662 1046 puncta
706 933 755 1018 de
807 906 1069 1018 electionibus
1106 930 1239 1015 discu-

338 1172 340 1177 ,
370 1071 555 1169 tiuntur,
579 1091 619 1149 et
645 1067 863 1151 schismatis
894 1063 1069 1151 ecclesiae
1097 1062 1240 1148 decimi

371 1209 503 1317 quarti
531 1199 652 1286 seculi
674 1208 977 1339 circumstantiae
1000 1195 1239 1312 expendun-
1321 1302 1324 1309 ⁴

372 1360 450 1420 tur.
482 1336 556 1417 In·
565 1331 635 1456 fol.

408 1502 526 1576 Codex
539 1505 694 1576 nascentis
711 1505 810 1601 quinti
828 1504 941 1577 decimi
957 1502 1097 1592 seculi,
1089 1528 1122 1573 1n
1138 1496 1239 1574 mem·

361 1605 486 1693 branis,
503 1628 544 1674 en
561 1607 655 1674 baaru
673 1607 823 1676 bocardes.

318 1789 334 1844 r
345 1789 364 1875 3
383 1761 595 1846 Tractatus
610 1767 707 1846 varii
721 1767 764 1845 in
784 1788 907 1847 unum
920 1758 1111 1851 volumen
1125 1788 1237 1846 com·

280 1989 281 1992 5
370 1897 505 2003 pacti,
530 1888 707 1976 scilicet:
1214 1967 1216 1973 ,

319 2124 323 2131 .
375 2038 431 2108 1⁰.
457 2019 624 2142 Regulos
650 2031 694 2110 in
718 2055 858 2113 omnes
882 2025 1007 2124 libros
1031 2031 1173 2117 veteris
1192 2056 1238 2111 ac

426 2143 526 2241 novi
559 2163 801 2245 testamentis
872 2258 874 2262 ¹

370 2302 430 2372 2⁰.
448 2289 629 2401 Epistola
646 2293 811 2376 Martini
830 2293 1026 2409 Episcopi
1043 2297 1173 2381 Scotti
1189 2289 1239 2374 ad

425 2419 625 2506 Milonem
644 2411 824 2540 Regem,
852 2454 940 2541 quae
960 2433 1143 2515 continet
1160 2426 1239 2510 for»

424 2552 571 2641 mulam
597 2563 689 2646 vitae
711 2559 904 2647 honestae.
969 2618 974 2628 -

335 2760 337 2767 s
408 2725 488 2799 Haec
512 2726 615 2827 adhuc
639 2726 756 2799 inedita
777 2747 859 2802 est,
943 2730 945 2735 ’

372 2894 430 2993 3⁰.
447 2874 630 2991 Epistola
647 2882 784 2967 Sancti
798 2883 945 2972 Isidori
963 2887 1013 2973 de
1029 2885 1237 2974 ordinibus

269 3102 277 3121 ,
423 3041 558 3096 sacris.
638 3040 641 3045 ’
700 3092 703 3098 .

311 3244 312 3247 p
368 3157 430 3243 40.
452 3140 637 3256 Epistola
660 3143 805 3238 Isidori
829 3149 906 3259 Epi
932 3148 983 3234 ad
1005 3148 1237 3235 Massonem

423 3276 672 3389 Episcopum
700 3277 750 3362 de
777 3277 945 3365 Clericis
983 3286 1053 3394 qui
1085 3310 1234 3391 corpo·

425 3405 498 3493 rali
518 3406 668 3495 delicto
690 3410 957 3527 delinquunt,
978 3419 1012 3498 si
1029 3416 1237 3498 restaurari

430 3547 616 3649 possint?

373 3684 430 3779 50.
465 3670 527 3754 De
562 3700 712 3787 septem
749 3676 947 3763 miraculis
987 3677 1235 3763 manufactis.

427 3800 563 3891 Brevis
593 3805 870 3917 apostolorum
896 3815 988 3896 vita.
