3259 5075
368 691 418 777 {52
638 664 1026 747 LIBRISUB

425 808 637 927 Selgenstat
663 819 793 927 1481,
819 814 944 896 tenias
962 812 1102 900 Nonas
1123 808 1297 926 Apriles.

423 942 567 1033 In·fol.
594 975 696 1031 max.
724 975 781 1033 m.
807 976 840 1032 r.

465 1117 501 1188 ln
518 1118 703 1214 praefatione
719 1136 824 1192 extat:
841 1121 1010 1190 encomium
1027 1118 1152 1190 Nicolai
1166 1121 1298 1194 Jmsom

416 1235 474 1308 De
490 1237 555 1308 hoc
576 1235 651 1309 vide
673 1234 858 1328 Seemiller,
873 1261 964 1331 parte
987 1221 1120 1308 sec’tmdd
1133 1263 1208 1334 pag.
1235 1259 1297 1336 75.

368 1420 418 1501 31
458 1396 667 1485 vincentii
698 1393 783 1508 (de
815 1392 1033 1509 Bandelis)
1071 1391 1122 1480 de
1150 1394 1297 1478 Castro

421 1555 534 1614 novo
562 1557 664 1641 opus
694 1525 745 1614 de
775 1525 969 1644 singulari
993 1533 1165 1642 puritate
1189 1554 1297 1615 con-

421 1666 621 1772 ceptionis
651 1659 875 1748 salvatoris·
900 1665 1036 1762 In·4⁰.
1064 1691 1119 1744 m.
1149 1690 1183 1743 r.

462 1833 499 1902 ln
520 1826 583 1903 fine
602 1832 735 1928 legitur:
759 1835 938 1927 impressum
960 1837 996 1903 in
1021 1838 1106 1903 alma
1132 1859 1168 1901 ac
1193 1832 1299 1900 inclita

414 1949 532 2022 civitate
548 1951 690 2022 Bononi.
705 1978 765 2043 per
784 1952 949 2049 Hugonem
967 1955 1002 2022 dc
1019 1953 1143 2048 rugeriis
1162 1951 1199 2019 de
1220 1953 1299 2045 regio

414 2071 526 2138 editum
548 2071 767 2162 per‘Fratrem
798 2076 835 2145 V
832 2074 996 2142 iacentium
1021 2075 1056 2140 de
1081 2071 1188 2139 Castro
1219 2088 1300 2140 πονο

418 2187 554 2260 Tordon.
570 2214 656 2258 anno
672 2191 754 2260 dom.
774 2189 862 2281 1481
877 2245 889 2281 ‚
907 2194 954 2260 die
971 2213 1014 2261 12
1029 2192 1120 2260 masis
1132 2187 1300 2258 Februarii.

415 2302 523 2377 Habet
542 2308 730 2402 registrum,
747 2307 804 2380 sed
821 2329 907 2381 caret
927 2309 1037 2404 signat.
1060 2306 1177 2378 Earum
1194 2324 1300 2376 autem

415 2417 513 2513 vice,
534 2423 611 2496 folia
635 2451 841 2498 numerantur
863 2426 896 2498 in
919 2426 1060 2522 margine
1080 2423 1244 2508 inferiori,
1269 2437 1301 2491 et

416 2558 489 2611 sunt
521 2563 582 2632 113
617 2541 715 2635 (hoc
745 2544 908 2641 modo,)
936 2544 1048 2639 quibus
1074 2544 1212 2638 quinque
1247 2535 1302 2607 ad·

414 2654 471 2726 das
494 2680 565 2751 quae
592 2679 660 2724 non
687 2671 903 2725 numerantur.
938 2660 1113 2722 Character
1144 2654 1304 2744 gothicus.

414 2770 474 2842 De
489 2770 635 2865 singulari
653 2763 723 2841 libri
737 2766 830 2859 hujus
847 2768 972 2839 raritate
985 2766 1060 2837 vide
1076 2768 1303 2864 Bibliograplzie

414 2891 588 2962 instructive
614 2886 684 2961 NP.
713 2885 796 2977 418.
833 2885 896 2957 Sed
925 2910 994 2957 non
1022 2886 1115 2957 novit
1145 2887 1302 2960 volumen

415 3005 542 3079 Ludov.
562 3032 581 3075 a
597 3004 702 3085 Turre
724 3023 837 3078 contra
859 3003 1068 3094 Bandellum,
1091 3003 1132 3076 de
1150 3031 1217 3102 quo
1235 3004 1301 3080 vid.

416 3123 458 3195 ad
476 3149 596 3195 annum
621 3122 725 3214 1486.

368 3306 420 3396 32
449 3279 669 3367 Bucoliche
689 3273 732 3365 di
758 3277 938 3397 Virgilio
963 3278 1226 3396 V'olgarizate
1250 3279 1302 3366 da

230 3397 236 3409 ’
318 3500 321 3507 ,
423 3414 632 3500 Bernardo
654 3411 784 3499 Pulci.

481 3546 626 3662 Elegia
644 3546 685 3633 di
701 3543 907 3632 Bernardo
931 3544 1045 3634 Pulci
1069 3578 1091 3631 a
1111 3549 1299 3631 Lorenzo

421 3676 474 3765 de
504 3677 657 3763 Medici
684 3709 756 3791 per
782 3677 820 3763 la
846 3705 976 3765 morte
1009 3680 1051 3765 di
1080 3680 1267 3764 Cosimo.

380 3901 384 3906 ,
418 3863 421 3872 =
474 3812 594 3893 Bern.
610 3807 723 3896 Pulci
739 3810 791 3897 de
808 3812 923 3899 obitu
944 3811 1045 3905 divae
1066 3812 1296 3901 Simonettae

420 3938 473 4025 ad
501 3937 651 4031 Julian.
677 3942 893 4032 Medicem.
