3259 5075
571 596 606 668 A
629 596 665 668 N
688 595 723 667 N
746 594 784 669 Ο
837 590 949 692 ι489ϊ
1148 607 1218 674 'tn

352 766 482 821 norum
513 734 555 817 in
585 735 805 847 intersignio
832 735 877 817 de
912 733 1078 819 l'estrille
1100 731 1223 849 faida

351 901 461 952 veau.
493 866 620 982 Opera
645 899 746 981 mag.
777 866 933 982 Georgii
966 865 1105 980 Wolff
1121 890 1222 967 anno

351 1003 427 1081 sol.
459 1001 594 1112 1489,
613 1027 680 1111 ,14
706 1000 856 1127 calend.
877 996 1060 1127 febmar.
1086 1002 1221 1131 In7493

390 1169 441 1240 Ex
455 1171 635 1277 charactere
652 1128 815 1246 Romano.
836 1170 921 1243 Huic
942 1172 1047 1244 unitur
1066 1196 1222 1271 sequens:

291 1342 444 1431 Plinius
465 1347 507 1430 Il
527 1348 774 1432 Veronensis
798 1343 849 1431 de
867 1350 962 1431 viris
978 1343 1222 1456 illustribus,

349 1505 402 1562 ex
424 1477 601 1564 editione
624 1476 717 1561 Lilii
748 1478 1004 1589 Tiphernatis
1019 1483 1133 1590 ‚qui
1158 1479 1223 1565 di·

351 1615 407 1695 cit
437 1615 481 1695 in
509 1608 677 1725 epistoli
707 1596 932 1723 praemissi,
961 1610 1136 1724 Angelus
1163 1640 1222 1725 y·

343 1742 509 1859 phemas
544 1747 651 1828 redeo
688 1746 740 1827 ad
772 1743 946 1827 Plinium
982 1744 1046 1858 qui
1078 1774 1160 1826 cum
1198 1775 1223 1824 a

355 1873 554 1959 Gemzonis
580 1874 714 1961 Romae
747 1876 1029 1991 imprimendum
1052 1875 1223 1990 postula-

350 2037 449 2091 retur
468 2009 674 2124 corrigendi
699 2011 821 2124 operis
847 2041 986 2093 morem
1008 2010 1123 2124 gessi.

391 2176 502 2268 Huius,
517 2206 612 2252 verus
634 2193 809 2253 auctorest
830 2179 979 2254 Aurelius
999 2180 1137 2271 Victor,
1154 2203 1224 2254 non

344 2295 423 2371 vetis
446 2298 562 2370 Plinius
581 2297 703 2371 Junior.

390 2415 507 2513 Pagina
518 2418 617 2510 prima
629 2432 754 2487 constat
770 2437 815 2509 30
826 2413 932 2503 lineis,
944 2432 976 2484 ct
989 2413 1097 2487 ultima
1107 2438 1148 2485 ex
1161 2427 1225 2510 17,'

258 2536 261 2542 ’
344 2554 376 2605 et
395 2558 438 2605 22
460 2534 553 2605 foliis.
580 2532 684 2604 Editio
700 2533 770 2604 haec
793 2530 910 2603 Rotnae
927 2530 1051 2605 videtur
1072 2531 1224 2627 impressa

343 2651 426 2724 circa
447 2678 565 2723 annum
595 2675 698 2745 1474.
729 2650 779 2722 Ex
805 2651 988 2723 charactere
1012 2651 1135 2747 Geotg.
1166 2648 1225 2721 Sa-

344 2770 441 2844 schel.
474 2770 573 2842 Caret
591 2754 740 2866 signat,
765 2794 855 2841 num.
882 2789 915 2841 et
939 2768 1131 2843 custodibus.
1160 2766 1224 2840 llic

343 2889 441 2994 veniit
462 2888 546 2985 apud
564 2888 596 2962 la
616 2888 757 2961 Vallidte
785 2912 855 2962 120
878 2888 932 2963 lib.

294 3112 318 3196 3
345 3084 579 3204 Petri‘Bruti
592 3092 740 3177 Veneti
758 3089 954 3199 Episcopi
968 3067 1222 3175 Cathatcnsis

348 3225 519 3304 victoria
542 3221 699 3305 contra
717 3218 893 3309 Judaeos.
933 3220 977 3306 V
975 3220 1117 3303 icentioi
1143 3218 1222 3304 Be·

203 3379 206 3467 J
350 3352 503 3464 vileque
537 3358 676 3459 1489,
702 3352 763 3437 die
791 3352 899 3439 tertio
925 3352 1064 3432 mensis
1103 3349 1221 3436 Octo·

347 3482 438 3565 bris.
470 3470 614 3567 lii-fol.
641 3513 696 3569 m.
726 3513 761 3569 r.

248 3639 250 3643 ⁷
390 3651 476 3727 Vide
499 3654 655 3728 Maittaite
679 3673 711 3728 et
731 3654 868 3756 Pinelli,
891 3654 954 3729 ΝΟ.
976 3678 1060 3752 752.

292 3845 337 3964 43
349 3851 535 3965 Baptistae
566 3855 779 3979 Mantuani
813 3853 1003 3944 secunda¹
1026 3855 1224 3968 partheni·
1334 3858 1336 3863 ’
