3259 5075
571 557 604 671 Α
629 580 664 669 Ν
689 597 783 669 ΝΟ
838 599 943 696 1498.
1142 621 1208 699 243

340 754 571 870 Impresswtz¹
587 786 681 868 opus
700 754 870 868 Neapoli
881 787 954 870 per
966 755 1083 844 Joan.
1112 756 1215 842 Tres·
1241 812 1244 817 ·

341 923 403 972 ser
426 890 469 971 de
494 887 656 972 Hocstet
676 916 712 968 et
735 887 946 972 Martinam
974 891 1019 973 de
1041 892 1214 975 Am‘st'er·

338 1024 426 1109 dam
461 1022 652 1106 Almanos
687 1020 746 1102 die
767 1019 920 1105 XVII
944 1026 1084 1107 mensis
1117 1022 1216 1108 Julii

337 1155 402 1239 M.
430 1152 599 1239 CCCC.
624 1150 950 1242 LXXXXVIII.
985 1158 1121 1258 Ill-4⁰.

380 1324 474 1416 Folio
492 1364 587 1415 verso
606 1361 654 1414 est
671 1341 765 1414 index
788 1362 965 1417 erratorum
986 1347 1081 1419 totius
1100 1347 1216 1444 operis.

232 1515 235 1521 ,
333 1461 447 1559 Incipit
463 1483 539 1533 cum
555 1461 714 1556 signatur&
726 1488 769 1559 g,
787 1481 820 1533 et
836 1464 1019 1535 terminatur
1036 1485 1110 1536 cum
1126 1493 1146 1534 o
1157 1465 1218 1555 iiij.
1251 1535 1253 1539 .

333 1579 440 1652 Editio
456 1583 525 1652 haec
541 1559 723 1676 splendidi,
742 1581 825 1652 facta
842 1601 889 1653 est
905 1607 945 1652 ex
960 1580 1076 1654 eodem
1092 1582 1220 1656 charae*

333 1718 400 1770 tere
425 1725 491 1796 quo
515 1699 599 1796 priis
622 1725 696 1771 usus
722 1699 824 1772 fuerat
851 1701 1008 1772 Moravus
1031 1702 1086 1797 qui
1114 1700 1221 1773 for'sin

332 1834 410 1889 tunc
432 1843 452 1889 e
473 1818 555 1889 vivis
575 1835 762 1892 excesserat.
795 1817 894 1890 Undi
923 1818 965 1889 illi
991 1817 1124 1917 ⁴artifice's
1154 1814 1220 1911 ejus

252 1996 256 2003 .
333 1936 437 2032 praelis
462 1937 510 2008 usi
538 1945 638 2025 sunt,
665 1957 697 2009 et
719 1937 744 2008 si
771 1938 916 2009 credatur
939 1933 975 2012 Ρ.
1006 1933 1222 2036 Audiffredy,
1252 1984 1263 2022 s

335 2053 406 2155 hyaec
418 2053 560 2126 Romam
573 2054 741 2126 transferte
756 2064 952 2150 potueruhtt
973 2056 1016 2126 ibi
1031 2056 1116 2128 enim
1134 2030 1251 2127 Maras

336 2172 438 2244 tinum
470 2173 662 2269 impressisse
689 2172 722 2262 in
748 2173 904 2268 principio
930 2175 1032 2259 vseculi
1062 2173 1222 2271 sequentis

337 2286 472 2362 affirmat
491 2312 564 2386 pag.
581 2289 686 2382 ⁴418,
705 2277 794 2369 antio
811 2288 930 2385 nempd
954 2310 1058 2389 1500.
1089 2289 1091 2292 ’

291 2507 345 2593 26
362 2507 480 2597 Joan.
502 2501 528 2596 J
530 2511 664 2595 oviani
685 2503 859 2590 Pontini
879 2503 930 2615 ad
950 2505 1117 2592 Actium
1135 2444 1244 2591 Sin?-

346 2668 479 2725 cerum
506 2638 557 2724 de
587 2638 822 2724 liberalitate
855 2636 956 2724 liber
984 2645 1128 2753 incipit
1159 2642 1222 2725 M.

346 2771 513 2858 CCCC.
542 2770 1023 2875 LxxxxV111.1n-40.
1211 2759 1218 2800 ⁸

389 2962 535 3059 Sequitur
561 2962 696 3034 Pontani
730 2963 895 3059 prologus,
933 2957 1046 3058 Incipit
1073 2988 1093 3033 a
1121 2958 1225 3059 signa·

340 3078 410 3153 turi
433 3108 482 3172 a,
506 3101 539 3153 et
557 3068 741 3153 teiminatur
763 3106 840 3153 cum
855 3078 890 3171 f
901 3082 963 3168 iiij.

389 3236 552 3308 immeriti
574 3221 643 3309 haec
664 3258 735 3332 pars
760 3238 870 3307 avulsa
893 3237 990 3308 suita
1014 3234 1225 3331 praecedemi3

341 3372 474 3451 utraque
497 3380 597 3426 unum
620 3354 755 3425 debebat
779 3351 908 3425 efficeie
930 3355 1095 3427 volumen.
1123 3408 1125 3412 .

297 3595 350 3680 27
382 3568 573 3659 Prediche
612 3563 789 3653 raccolte
825 3594 897 3678 per
936 3596 998 3653 ser
1039 3567 1226 3652 Lorenzo

348 3699 461 3792 Violi
488 3701 538 3789 da
563 3699 600 3785 la
624 3704 731 3787 Viva
756 3728 859 3786 voce
887 3697 951 3784 del
976 3697 1027 3782 R.
1056 3699 1102 3785 P.
1131 3701 1228 3784 Hie·

358 3835 520 3915 ronimo
542 3830 591 3917 da
609 3832 774 3919 Fetiara
800 3858 870 3942 per
894 3831 1056 3917 Giorno
1077 3858 1231 3918 mentre

1003 3963 1081 4055 Qij
