3259 5075
363 636 414 730 '64
633 623 843 709 'LIBRI
892 622 1024 708 SUB

413 795 489 867 Hoc
519 795 680 890 exemplar
712 795 770 866 fuit
796 794 872 895 illud
901 795 990 892 quod
1017 792 1170 890 ipsissimo
1201 777 1291 867 Potr³

286 923 289 929 ’
413 913 487 986 tifici
504 913 646 1009 regnanti
667 912 803 999 obtulit3
826 912 892 984 tirm
912 914 985 1010 quia
1001 911 1112 1008 legitur
1133 938 1172 982 ex
1194 923 1291 985 manu

413 1028 534 1104 cooeval
549 1032 581 1101 in
602 1026 688 1100 fine:
711 1057 740 1100 ce
760 1020 834 1103 livre
855 1057 877 1099 a
899 1029 1020 1120 e'n'fhic'
1030 1042 1112 1122 pour
1132 1032 1249 1101 donner
1269 1055 1292 1099 a

410 1173 496 1220 notre
520 1151 581 1217 bon
603 1137 700 1233 Pere‘,
723 1167 756 1218 et
781 1147 876 1219 etiam
899 1147 991 1242 suptal
1014 1140 1141 1244 antiqui
1167 1164 1200 1218 et
1227 1148 1291 1242 pri·

411 1265 517 1339 maeva
538 1263 705 1362 copertura
727 1267 901 1375 arborum
922 1267 1007 1338 fetro
1032 1277 1064 1337 et
1090 1284 1167 1337 auro
1190 1264 1290 1336 fuerat

410 1378 586 1482 impressa,
609 1404 758 1481 tanquam
781 1360 912 1480 insignia
942 1384 1094 1487 gentilitia
1115 1381 1230 1454 domus
1255 1386 1289 1451 do

410 1508 443 1575 ln
465 1505 579 1575 Rorere
602 1501 680 1573 Sixti
707 1501 824 1597 nempe¹
852 1502 899 1574 lV
911 1522 1090 1597 ,tempore
1108 1502 1203 1572 enim
1226 1498 1289 1570 im
1324 1544 1327 1549 ‚

408 1622 575 1717 pressionis
601 1646 620 1692 e
643 1621 724 1691 vivis
746 1641 923 1692 excesserat
947 1619 1059 1691 Paulus
1080 1619 1124 1693 ll.

458 1738 547 1809 Nihil
568 1737 765 1834 elegantius
758 1762 790 1807 rn
814 1738 879 1810 hoc
904 1763 1019 1833 genere
1040 1756 1145 1835 potest
1166 1723 1288 1809 deside³

410 1858 480 1932 tari.
505 1855 590 1932 Vide
606 1850 741 1930 Debure
758 1855 821 1931 No,
839 1876 947 1953 4194
1301 1840 1303 1844 ¹

362 2082 413 2146 22
412 1975 514 2142 'Res
530 2057 706 2143 Rusticae
726 2054 965 2168 scriptores,
981 1993 1109 2168 Catu,
1125 2058 1286 2160 Varro,

417 2189 664 2298 Columella,
685 2190 915 2301 Palladius,
937 2190 1125 2278 Rutilius,
1145 2193 1213 2273 In·
1214 2185 1287 2271 fol·

453 2380 491 2452 ln
517 2383 579 2453 fine
611 2383 766 2455 Varronis
802 2402 835 2454 et
866 2383 898 2452 ln
931 2382 994 2454 fine
1022 2380 1130 2452 Rutilii
1154 2379 1287 2475 legitur?

406 2503 544 2575 Palladii
569 2502 681 2572 Rutilii
706 2502 804 2572 Tauri
828 2502 1000 2572 AErniliani
1022 2501 1081 2573 viri
1102 2500 1230 2569 illustris
1254 2499 1289 2565 de‘
1376 2494 1378 2500 ’

406 2647 438 2690 re
462 2623 574 2689 rustica
595 2622 688 2705 libri,
710 2622 849 2711 impressi
870 2621 961 2713 Regii
982 2644 1071 2709 opera
1094 2639 1121 2684 et
1144 2616 1288 2706 impensis

406 2738 613 2807 Bartholomei
637 2736 768 2803 Brnsclzi
789 2736 872 2803 alias
896 2735 1026 2802 Bononi
1053 2723 1211 2829 Regiensis
1237 2729 1287 2806 Ma

405 2846 541 2925 CCCC.
564 2842 739 2924 LXXXII.
764 2852 869 2922 Nonis
893 2853 993 2924 Juniis

358 3077 407 3163 23
440 3050 646 3135 Francisci
667 3052 884 3139 Venturini
907 3047 1127 3135 rudimenta
1153 3068 1287 3165 grama

412 3188 587 3270 matices.
631 3171 832 3267 Florentia»
864 3214 937 3299 per
979 3207 1037 3266 me
1073 3182 1287 3267 Antonium

410 3318 451 3405 B
454 3317 671 3400 artholomei
714 3316 964 3402 Misclzomini
1010 3349 1109 3399 anno
1152 3317 1286 3397 salutis

416 3456 554 3566 1482,
584 3449 715 3533 Idibus
744 3449 869 3562 Maijs
908 3449 1000 3533 liora
1035 3449 1177 3533 decima
1215 3479 1286 3532 oc⁴

410 3609 512 3680 tona.
540 3580 687 3668 In-fola
722 3563 730 3572 .

452 3765 651 3845 Praemittitur
684 3764 797 3846 folium
828 3789 927 3846 unum
958 3763 1076 3871 registri
1108 3759 1284 3868 signatura«²

405 3915 474 3964 rum
498 3909 530 3963 et
552 3892 825 3988 quaternionum,
853 3913 885 3965 et
913 3892 997 3966 aliud
1025 3892 1177 3966 exhibens
1204 3891 1285 3984 epis·

1182 4008 1285 4081 t'olam
