3259 5075
368 634 371 639 ,
478 567 572 641 LIB.
597 566 697 638 SUB
724 566 888 639 ANNO
917 590 1020 672 1500.
1143 591 1211 669 255

468 774 471 779 ⁵
504 782 614 869 Liba·
635 781 704 867 sub
729 801 827 884 anno
860 809 906 899 15
939 818 978 876 0.

294 1049 311 1104 1
352 1010 567 1102 Orationes
606 1013 826 1102 multifariae
861 1003 1103 1134 a'Philippo
1137 1023 1214 1108 Be·

344 1147 488 1235 roaldo
517 1147 633 1235 editae
662 1176 702 1234 et
730 1156 949 1266 recognitae
985 1181 1076 1238 cum
1111 1183 1216 1239 non-

218 1381 221 1385 ,
345 1282 466 1369 nullis
485 1281 747 1396 poematibus.
772 1281 949 1397 Impress.
969 1317 992 1366 a
1013 1285 1218 1372 Benedicto

345 1414 551 1530 bibliopola
573 1449 672 1499 anno
698 1439 834 1530 1500,
860 1416 1033 1501 Calendis
1050 1404 1219 1505 Novemss

345 1546 485 1635 bribus.
511 1551 642 1650 In-40.

362 1806 364 1809 .
387 1738 472 1812 Inter
490 1741 651 1813 orationes
672 1740 738 1812 illas
757 1741 925 1838 praecipuae
941 1761 1014 1815 sunt
1031 1759 1222 1841 sequentesa

287 1935 435 2047 Oratio
466 1936 517 2022 de
553 1966 595 2022 re
629 1940 832 2050 Rustica,
869 1938 923 2026 de
956 1969 1132 2048 amore,
1170 1934 1223 2022 de

346 2066 536 2170 historii‚
567 2069 616 2153 de
646 2069 763 2157 laude
789 2078 999 2180 poetices,
1028 2072 1079 2154 de
1108 2067 1224 2154 laude

347 2198 587 2310 eloquentiae
605 2222 645 2282 et
660 2201 897 2308 Ciceronis,
917 2201 969 2293 de
987 2205 1224 2288 inventione

348 2328 608 2441 litterarum,
645 2329 696 2415 de
740 2330 932 2442 musici,
979 2331 1031 2418 de
1069 2357 1225 2418 rectore

349 2459 609 2547 scholastico.
740 2572 742 2575 y
1148 2468 1152 2476 “

406 2654 548 2739 Oratio
572 2653 623 2740 ad
649 2650 857 2739 Tribunos
881 2652 1036 2740 Plebis.'

409 2787 668 2903 Panegiricus
689 2785 738 2872 ad
759 2786 958 2877 Ludovic.
979 2788 1225 2901 Sphorciatn.

277 2915 280 2919 ’
410 2922 572 3034 Nuptiae
597 2920 964 3011 Bentivolorum..
1152 2928 1154 2933 ’

410 3056 554 3141 Oratio
586 3053 801 3168 Nuptiaiis.

374 3298 376 3302 ἲ
410 3188 589 3273 Historia
605 3216 656 3271 ex
670 3185 869 3274 Boccaeio
882 3214 1100 3300 conversa,
1117 3210 1226 3282 etc...

297 3426 322 3480 2
350 3395 558 3483 Benedicti
582 3395 800 3483 Caesenatis
827 3395 877 3483 de
898 3398 1056 3497 honore
1087 3395 1227 3482 mulie·
1329 3416 1338 3421 ·’

354 3560 441 3615 rum
472 3535 646 3617 carmina
680 3536 725 3614 in
759 3526 901 3645 lingui
930 3526 1099 3615 Italianai
1137 3525 1229 3610 libri

353 3661 445 3765 IV,
472 3693 563 3749 cum
586 3660 714 3777 gratiai
733 3689 772 3748 et
796 3660 1025 3773 privilegio.
1050 3654 1227 3772 Impress-

356 3789 398 3871 in
425 3790 585 3876 Venetici
604 3789 964 3904 perssanhoffomio
986 3790 1032 3874 de
1054 3788 1160 3875 Zoni
1178 3792 1228 3874 da
