3259 5075
515 576 547 647 A
572 576 606 649 N
631 575 665 648 N
690 575 726 648 0
782 575 888 671 1481.
1127 591 1174 678 '43

301 711 395 815 priori
407 731 501 786 cantu
513 715 653 808 Inferni,
672 717 788 787 habeat
805 717 931 811 insuper
947 741 989 812 17
1007 714 1081 789 alias
1098 745 1178 814 prae-

300 839 373 915 fixas
398 860 440 929 19
458 835 614 930 prioribus
634 837 799 926 cantibus,
817 839 858 908 ita
873 857 980 908 tamen
997 858 1033 910 ut
1052 839 1113 910 illae
1134 863 1178 933 17

273 928 286 964 Ι
301 941 496 1051 agglutinatae
509 955 622 1026 fuerint
636 979 668 1034 et
679 976 751 1050 post
760 957 1002 1051 impressionem
1014 957 1179 1053 adaptatae.

296 1136 302 1143 .
347 1089 394 1153 2⁰,
424 1071 526 1165 Qubd
558 1102 577 1150 a
605 1060 703 1147 cantu
732 1086 802 1175 151⁰
843 1074 981 1154 Paradisi
1012 1075 1053 1146 ad
1082 1078 1180 1149 finem

295 1217 397 1290 usque
424 1218 440 1290 3
448 1195 515 1290 3⁸,
545 1195 649 1272 alterae
683 1198 727 1265 16
754 1179 863 1266 extent
888 1194 995 1290 figurae
1023 1221 1120 1267 manu
1147 1215 1180 1274 et

269 1311 400 1408 *penna
437 1312 633 1402 delineatae,
663 1313 704 1384 ad
740 1340 889 1390 normam
921 1335 953 1384 et
991 1313 1180 1390 methodum.

295 1456 362 1501 rum
396 1457 467 1528 qnae
502 1459 562 1526 pro
594 1432 722 1503 inferno
751 1433 876 1508 fuerunt
904 1432 1038 1521 incisae,
1065 1432 1108 1504 ita
1129 1430 1189 1523 ju-

295 1548 468 1625 dicantibus
496 1552 655 1627 nonnullis
683 1550 915 1649 apudltaliam
929 1552 972 1620 in
994 1553 1055 1632 hac
1077 1572 1179 1623 mate-

296 1666 339 1749 riai
364 1670 480 1763 peritis,

255 1778 257 1783 ’
343 1787 550 1890 Enistentiam
578 1789 806 1862 novemdecim
836 1791 1006 1886 figurarum
1034 1788 1155 1860 tannim
1166 1805 1183 1879 ‚‘

295 1931 487 1987 neccarum
521 1909 554 1977 in
585 1907 699 1999 majori
726 1893 897 2008 quantitate
923 1910 1065 1980 notitiam
1100 1934 1180 2003 pro-

293 2025 350 2105 bat
378 2030 539 2122 exemplar
571 2029 661 2124 quod
691 2009 818 2111 extabat
844 2032 876 2099 in
903 2031 1052 2124 catalogo
1077 2020 1181 2119 Pinel·
1283 2125 1285 2129 .

293 2137 410 2235 liano,
438 2147 472 2216 in
501 2160 591 2244 qno,
613 2169 727 2242 praeter
756 2148 832 2220 duas
854 2146 989 2238 incisas,
1014 2148 1088 2217 alias
1109 2171 1181 2240 sep-

294 2263 464 2345 temdecim
481 2293 578 2345 manu
597 2287 629 2338 et
649 2268 754 2361 pennai
778 2243 916 2364 suppleri
940 2286 1106 2345 curaverat
1125 2291 1181 2345 cu-

292 2381 393 2462 riosus
422 2403 453 2465 et
482 2386 593 2456 artium
627 2386 803 2456 liberalium
825 2407 988 2480 patronus.
1063 2390 1092 2451 ’.

344 2499 426 2593 Quis
457 2524 563 2581 autern
590 2503 682 2575 fuerit
710 2505 879 2600 figurarum
904 2504 1019 2573 incisor
1045 2502 1100 2572 vix
1122 2525 1182 2595 po-

280 2621 355 2697 'test
381 2620 557 2710 affirmari,
586 2649 654 2692 non
681 2623 878 2704 obsiantibns
907 2621 1180 2717 disquisitionibus.

270 2739 412 2837 *Praeter
435 2768 473 2813 ea
496 2768 567 2839 quae
589 2742 710 2837 sopri,
735 2743 789 2814 ubi
815 2746 850 2812 de
870 2743 987 2811 Bettini
1010 2763 1112 2808 monte
1133 2760 1181 2806 sto

294 2860 327 2937 di
353 2862 404 2927 dio
437 2861 555 2931 dictum
583 2882 651 2949 est,
682 2860 747 2930 duo
776 2860 827 2930 hic
851 2855 1013 2947 subjiciam
1037 2857 1181 2927 testimo-

293 2976 347 3057 nia
380 3004 450 3073 quae
479 2979 597 3053 faciunt
625 3006 685 3074 pro
714 2978 901 3050 Alexandro
929 2978 1083 3049 Boticelli.
1127 2991 1129 2995 “

350 3133 397 3186 10.
428 3116 563 3205 Vasari,
598 3137 686 3210 parte
721 3114 860 3187 secundat
896 3118 955 3186 vite
980 3117 1026 3184 dei
1047 3115 1182 3205 pictori,⁴

294 3236 365 3313 edit,
390 3235 542 3303 Romano
566 3236 691 3305 Bottari
703 3262 780 3331 pag.
813 3238 910 3323 446,
937 3260 1031 3329 agens
1056 3232 1096 3301 de
1117 3232 1183 3299 Βο-

294 3352 430 3439 ticello,
457 3352 551 3433 dicit:
582 3356 757 3424 Commento
782 3380 849 3422 una
884 3376 972 3442 purte
1009 3356 1041 3421 di
1069 3353 1181 3420 Dante

294 3498 310 3554 e
331 3473 435 3567 figuro
460 3478 490 3542 lo
521 3470 647 3562 Inferno
675 3468 689 3543 ἑ
717 3478 749 3543 la
771 3477 846 3543 mise
875 3475 909 3539 in
937 3495 1060 3562 stampe
1088 3472 1180 3539 dietro
1219 3465 1221 3467 ’

293 3594 331 3672 al
358 3596 446 3683 quale
470 3617 616 3661 consumo
641 3595 673 3661 di
699 3598 795 3663 multo
817 3615 926 3683 tempo,

348 3726 404 3812 2⁰,
438 3731 522 3800 Gori
550 3730 730 3800 Gandellini
757 3730 875 3801 Sanese
903 3732 935 3800 in
962 3730 1083 3823 Notirie
1108 3727 1181 3793 isto-

297 3844 377 3926 ritbs
409 3850 484 3957 ἀεί’
518 3852 738 3957 intagliatori,
770 3852 858 3949 impr,
889 3853 923 3919 in
952 3852 1046 3918 Sicera
1077 3868 1179 3936 1771.
