3259 5075
432 582 505 659 '¹4²
665 563 755 638 ΠΒ.
781 561 845 635 ΑΒ
870 558 992 634 ΑΝΝ.
1022 581 1137 657 1490,

486 719 540 806 ad
566 719 829 832 Epiphaniam
844 747 935 813 cum
951 715 1156 805 nonnullis
1177 716 1264 807 aliis
1281 727 1361 809 suis

443 910 447 915 -
486 850 857 966 praedicationibus.
916 841 920 849 ⁴
968 834 971 841 ²

529 1024 596 1096 Sub
616 1023 733 1095 eodem
754 1022 982 1119 signaturarum
1005 1019 1298 1121 ordinesequitur:

431 1192 636 1289 Dominici
654 1197 813 1284 Bollani
827 1205 969 1284 artium
984 1225 1024 1284 et
1038 1196 1250 1313 philophiae
1264 1199 1361 1286 doc-

489 1337 588 1416 toris
612 1330 685 1415 filii
710 1331 866 1417 domini
888 1331 1087 1444 Condiani
1122 1338 1280 1444 questio
1309 1332 1360 1416 de

343 1494 350 1505 ·
486 1471 757 1578 conceptione
782 1463 950 1581 glorios.
978 1469 1084 1579 virg.
1109 1465 1263 1551 Mariae.
1293 1469 1361 1550 In·

487 1593 604 1683 folio.

528 1765 737 1839 Terminatur
769 1767 819 1836 his
851 1765 957 1837 verbis
986 1742 1112 1862 capitali
1145 1767 1360 1839 charactere:

480 1886 554 1956 Deo
573 1887 668 1982 gratie
692 1885 820 1974 infinite.
1263 1935 1266 1939 «

528 2001 703 2074 character
733 2000 906 2098 gothicus3
935 2000 1119 2077 terminatur
1150 2027 1226 2116 curn
1254 2001 1361 2098 signa·

480 2116 550 2194 turi
570 2121 590 2190 Ιι
612 2143 648 2211 4.
901 2122 906 2128 ’

330 2362 334 2369 ,
432 2278 490 2391 36
512 2278 571 2363 La
591 2275 821 2364 confession
843 2276 895 2362 de
916 2275 1037 2364 Frere
1056 2278 1186 2365 Lucas
1209 2274 1259 2362 de
1280 2279 1361 2361 Mi·
1453 2370 1455 2372 ,

392 2505 395 2512 ,
488 2407 569 2495 lan.
601 2413 734 2510 In·4⁰.
763 2410 877 2524 goth.
908 2440 960 2495 m.
993 2442 1025 2496 r.

432 2654 434 2658 .
453 2656 456 2662 ,
528 2573 654 2677 Paginae
675 2583 794 2654 habent
817 2606 862 2675 32
879 2582 976 2654 lineas
992 2601 1024 2654 et
1044 2582 1152 2654 ultima
1170 2606 1238 2677 31,
1257 2608 1297 2654 ex
1318 2606 1360 2655 ro

480 2698 585 2771 foliis.¹
597 2696 799 2769 Terminatur
819 2698 888 2769 sic:
911 2699 1026 2769 Amen.
1046 2701 1136 2768 Finit
1146 2697 1286 2787 feliciter.

434 2917 487 3007 37
515 2893 573 2974 Le
597 2888 728 3005 grand
754 2891 835 2972 vita
861 2888 989 2972 christi
1012 2889 1061 2974 de
1089 2888 1302 3004 Ludolphe
1321 2891 1360 2977 le

486 3021 719 3108 Chartreux-
737 3019 884 3105 traduit
916 3020 967 3107 de
994 3024 1124 3106 'Latin
1155 3052 1205 3108 en
1234 3026 1358 3110 Fran·

425 3178 430 3198 ¹
486 3141 576 3269 cois
620 3182 692 3266 par
734 3144 961 3238 Gaii-laune
1005 3152 1044 3239 le
1086 3150 1359 3242 Menandde

486 3284 646 3390 l'Ordre
682 3283 738 3384 de
759 3286 804 3370 S.
832 3271 1031 3402 'Frangois
1062 3308 1106 3372 et
1127 3288 1304 3401 imprimi
1334 3294 1359 3371 d

345 3456 348 3462 ·
463 3420 606 3506 «Paris
634 3413 735 3535 pour
773 3419 943 3509 Antoine
985 3419 1030 3505 V
1024 3422 1143 3514 erurd.
1189 3418 1357 3507 In-fol.

488 3552 613 3638 Tomi
640 3551 754 3660 duo,
782 3581 838 3636 m.
867 3583 903 3638 r.
933 3581 1023 3639 cum
1046 3559 1282 3670 signaturis.
1341 3591 1344 3596 ·

496 3718 500 3725 “
527 3724 617 3794 Folia
642 3741 858 3801 numeramur.-
886 3724 992 3799 Ptima
1017 3723 1115 3799 editio
1144 3727 1359 3801 extersione

422 3905 424 3910 .
480 3838 614 3913 Gallici.
1156 3856 1159 3860 ’
