3259 5075
350 631 419 728 298
635 625 982 702 comicus

398 789 572 884 impriment
579 814 664 882 pour
673 791 795 858 maistre
812 786 950 880 Geofroy
966 788 1052 881 Tory
1068 791 1102 857 de
1119 790 1285 885 Bourges',
1349 819 1360 843 .

397 912 450 1003 qui
469 915 511 983 les
533 912 614 982 vend
630 905 651 977 ci
670 910 763 977 Paris
785 903 806 976 d
827 907 987 1004 denscigne
1007 909 1050 976 du
1067 931 1125 999 pot
1148 905 1244 980 casse'.

444 1066 571 1161 Paginae
594 1089 705 1136 omnes
727 1083 880 1136 ornantur
907 1065 1066 1153 floribus,
1093 1064 1282 1137 animalibus

397 1203 429 1256 et
455 1184 598 1256 viticulis.

311 1387 313 1391 ‘
349 1411 402 1500 39
429 1378 581 1468 Heures
607 1412 629 1466 a
657 1380 817 1502 l'usaige
843 1382 893 1467 de
917 1383 1091 1467 Romme
1116 1405 1205 1465 tout
1227 1410 1280 1466 au

403 1514 506 1632 long
534 1545 624 1601 sans
657 1523 743 1602 rien
780 1521 982 1630 requerir,
1010 1546 1105 1604 avec
1145 1513 1202 1597 les
1230 1516 1282 1598 fi-

283 1647 286 1654 ’
403 1675 521 1762 gures
546 1648 594 1734 de
620 1648 657 1733 la
682 1656 745 1736 vie
775 1649 825 1734 de
852 1649 1060 1734 l'homme:
1090 1672 1129 1730 et
1158 1646 1208 1730 de
1240 1645 1281 1730 la

403 1781 654 1867 destruction
673 1781 722 1866 de
744 1779 992 1866 Hierusalem
1013 1806 1102 1865 tout
1120 1807 1223 1890 pour
1239 1775 1281 1861 le

364 1916 369 1932 “
402 1919 548 1996 mieux.
588 1912 803 2025 Imprime‘es
844 1916 868 1993 ὰ
898 1913 1016 1996 Paris
1045 1909 1284 2039 paroGillet

402 2043 616 2161 Hardouyn
641 2050 858 2161 imprimeur
877 2049 1096 2130 demourant
1119 2079 1166 2127 au
1190 2044 1280 2127 boux

402 2179 452 2259 du
471 2210 570 2291 pont
592 2179 898 2265 Nocte-Datne.
933 2184 984 2263 In
1019 2178 1280 2269 membranis.

402 2313 539 2423 In·4⁰.
564 2342 605 2400 v.
625 2313 790 2398 historie'
818 2341 858 2399 et
880 2319 1059 2428 antique.

370 2518 374 2527 '
441 2502 705 2603 Harumquaevis
724 2505 838 2602 pagina
856 2505 1007 2577 horarum
1029 2501 1144 2600 gaudet
1171 2498 1278 2597 figuris

392 2622 480 2717 ligno
500 2624 626 2710 incisis;
648 2644 679 2695 et
701 2626 809 2695 litterae
837 2650 950 2694 omnes
976 2624 1106 2693 initiales
1135 2645 1215 2692 auro
1244 2638 1278 2690 et

394 2740 553 2812 coloribus
585 2760 760 2830 ornantur,
789 2741 962 2812 miniaturae
994 2739 1074 2811 veri)
1108 2758 1181 2811 sunt
1211 2762 1277 2807 nu·

304 2923 307 2930 .
392 2882 484 2929 mero
509 2882 567 2947 44.

440 3012 488 3081 Ex
510 3011 678 3105 coperturd
701 3032 732 3083 et
753 3014 922 3107 insignibus
946 3016 1025 3085 folio
1049 3014 1160 3084 ultimo
1178 3037 1277 3099 verso

392 3128 520 3225 depictis
550 3129 700 3205 concludi
732 3151 840 3227 posset
865 3132 959 3203 horas
984 3152 1152 3226 praesentes
1182 3132 1277 3202 fuisse

392 3248 469 3320 oiim
492 3250 525 3319 in
547 3268 639 3321 usum
661 3248 842 3322 Catharinae
867 3250 905 3322 de
932 3250 1077 3324 Medicis.

343 3464 400 3576 40
426 3466 630 3553 Hemesa
664 3466 829 3582 l'usaige
862 3469 913 3554 de
940 3470 1068 3553 Rome
1102 3484 1191 3545 tout
1221 3490 1273 3548 au

400 3599 502 3718 long
526 3631 616 3685 sans
642 3607 726 3685 rien
756 3608 933 3712 requerir
958 3603 1022 3712 qui
1046 3623 1113 3678 ont
1134 3599 1187 3675 e'te‘
1207 3595 1274 3675 im-

392 3734 552 3840 primefe's
588 3768 612 3814 a
647 3734 765 3817 Pan's
808 3764 852 3843 ‘p
891 3730 1014 3813 Gilles
1055 3726 1272 3837 Hardouyn

279 3945 285 3958 ,
399 3859 547 3946 libraire
561 3864 778 3949 demourant
792 3898 843 3948 au
856 3862 945 3947 bout
961 3864 1010 3945 du
1020 3890 1121 3977 pont
1136 3859 1187 3947 N
1183 3888 1273 3943 otre-
