3259 5075
332 608 420 727 300¹
618 629 967 703 CODICES

373 816 436 880 par
452 789 628 860 Guillaume
642 790 795 877 Ambae,
813 789 989 880 imprimar
1001 813 1023 855 a
1036 788 1130 856 Paris
1146 811 1201 856 rue
1212 793 1267 861 Sti
1327 804 1338 829 ⁸

378 909 459 978 Jean
467 911 502 978 de
512 910 684 996 Beauvais,
689 932 773 997 pour
785 905 934 975 Germain
946 906 1114 974 Hardouin
1123 908 1265 976 libraire.

424 1045 550 1140 Paginae
567 1063 719 1115 ornantur
733 1043 870 1139 figurinis
892 1043 981 1138 ligno¹
994 1043 1119 1132 incisis,
1140 1060 1174 1113 et
1188 1059 1267 1113 sunt

383 1186 421 1258 13
448 1162 576 1257 picturae
597 1187 671 1234 cum
692 1161 799 1232 litteris
817 1184 1002 1232 eoumeures.

326 1379 380 1473 '43
407 1359 561 1445 Heures
585 1359 608 1444 ὲ
630 1357 779 1475 l’usage
801 1357 850 1443 de
873 1358 1074 1445 Chartres.
1108 1362 1267 1444 ln·80.·

383 1497 427 1574 in
450 1491 733 1601 membranis,
759 1524 850 1579 cum
873 1497 1067 1606 picturis,
1094 1489 1263 1580 velours

382 1655 523 1740 rouge.
578 1731 583 1746 .

419 1815 455 1882 In
478 1815 541 1885 fine
567 1815 708 1910 legitur:
732 1844 779 1911 *ces
801 1841 956 1908 presentes
981 1821 1083 1887 heures
1101 1841 1153 1890 ,au
1182 1820 1264 1912 long
1343 1870 1348 1880 .

371 1956 447 1998 sans
469 1933 534 1998 rien
561 1934 689 2022 requerir
710 1958 780 2001 avec
810 1938 852 2003 les
879 1961 978 2030 grans
1006 1931 1166 2029 suffiaiges
1200 1956 1261 2002 one

367 2045 416 2114 ’ἑτέ
433 2045 641 2138 imprime'esa
663 2050 756 2118 Paris
773 2076 839 2141 par
863 2051 944 2121 Gille
972 2053 1107 2121 Couteau
1135 2071 1257 2148 1513,

355 2211 356 2215 =
364 2189 449 2255 pour
471 2165 649 2237 Guillaume
673 2168 806 2236 Eustaee
828 2172 959 2242 libraire.

418 2281 524 2359 Habet
542 2308 583 2379 31
611 2285 746 2379 picturas
768 2287 834 2356 vivi
857 2287 985 2358 coloris.

318 2506 379 2594 44
400 2480 554 2568 Heures
577 2480 627 2567 de
646 2482 776 2569 Notre
794 2484 922 2570 Datne
945 2482 1176 2572 translate'es
1198 2512 1253 2570 en

246 2724 248 2729 Ι
374 2613 568 2702 Francois
592 2642 631 2699 et
647 2621 776 2723 mises
801 2646 853 2702 en
882 2625 1003 2703 rimes·
1023 2647 1093 2729 par
1115 2616 1254 2699 Pierre

373 2745 572 2863 Gregoire
608 2745 853 2858 (dicendum
888 2750 1139 2866 Gringoire3
1165 2744 1251 2831 alio

371 2881 497 2962 modo
520 2910 616 2959 mere
638 2879 757 2992 sotce)
775 2881 858 2965 dict
885 2880 1144 2968 Vaudemont
1169 2880 1251 2964 He-

371 3006 471 3092 rault
495 3009 657 3093 d’armes
680 3009 729 3093 de
754 3014 887 3123 Msgr.
911 3010 949 3095 le
973 3012 1051 3095 duc
1077 3010 1128 3094 de
1147 3012 1252 3101 Lor-

368 3144 478 3223 raine
507 3168 624 3246 etc.‚w
641 3141 731 3227 Par.
755 3140 791 3225 le
817 3141 1166 3228 commendement
1198 3141 1251 3227 de

367 3270 508 3358 Rene'e
537 3272 587 3359 de
616 3273 813 3360 Bourbon
842 3273 1033 3360 duchesse
1061 3273 1111 3357 de
1140 3276 1247 3355 Lor-

369 3417 492 3497 raine.
526 3413 705 3526 Imprime'
722 3447 800 3527 par
822 3411 921 3498 Jean
949 3413 1057 3496 Petit
1085 3440 1148 3490 nte
1181 3405 1245 3493 St.

343 3542 540 3661 'Jacquee
569 3539 707 3647 Ile-4⁰.
735 3576 772 3632 v.
800 3545 928 3631 fauve.

331 3783 333 3785 -
411 3734 458 3802 Ex
495 3760 542 3826 90
570 3736 664 3809 foliis.
697 3733 824 3807 Datum
860 3722 908 3804 est
936 3731 1082 3829 Lugduni
1117 3758 1136 3801 a
1169 3757 1244 3825 rege

361 3848 527 3920 Francisco
553 3853 656 3944 primo
675 3922 677 3927 ,
685 3852 886 3950 privilegium
909 3876 995 3923 anno
1026 3872 1131 3956 1505.
1157 3848 1243 3921 Vide
