3259 5075
210 474 307 560 Γ
359 566 386 642 ’4
571 544 1072 642 LtB.AB·ANN.1480;

409 709 444 777 in
462 708 704 802 presignissima
734 707 861 776 Comitis
892 709 927 775 de
956 709 1154 776 Sunderland
1176 705 1290 778 biblio-

410 826 493 895 rlzeel
510 843 570 896 ete.
588 843 662 910 etc;
684 841 715 894 et
733 822 872 894 Arvood
893 842 925 894 et
941 825 1072 914 Pinelli,
1091 824 1291 916 inprospeno

409 946 545 1036 deprime
558 970 572 1012 e
587 945 669 1014 varie
680 944 803 1011 editioni
819 943 851 1010 d‘
851 946 951 1011 autori
962 946 1096 1031 classici,
1109 944 1161 1013 ubi
1175 943 1290 1038 legitur

409 1085 481 1155 pag.
501 1083 562 1154 123
580 1111 591 1148 ‚
610 1058 683 1130 edit.
702 1061 837 1130 Venetae
859 1057 971 1153 1780:
988 1087 1002 1129 e
1019 1082 1122 1152 questa
1139 1064 1171 1129 la
1179 1063 1290 1152 prima

389 1180 533 1261 ,editione
555 1174 604 1247 alze
625 1181 654 1272 si
677 1201 797 1248 conosce
814 1174 904 1267 satta
928 1180 962 1246 in
989 1179 1115 1247 Milano
1142 1201 1226 1247 entre
1255 1184 1296 1249 al

407 1300 502 1366 secolo
526 1274 607 1366 XV
614 1276 689 1364 libro
713 1297 870 1365 rarissimo
887 1323 901 1366 e
920 1298 953 1364 di
970 1323 1051 1392 gran
1061 1322 1178 1394 praeeo.
1201 1294 1290 1366 Vide

407 1412 535 1484 saxium
555 1415 590 1514 in
612 1414 747 1485 biblioth.
768 1415 891 1486 litterar.
919 1416 1168 1500 Mediolanensi,
1196 1414 1290 1487 Tom.

397 1535 505 1623 primo
522 1558 598 1626 pag.
627 1532 750 1599 DCXI
759 1585 772 1618 ,
795 1551 827 1602 et
850 1530 985 1602 Debure
1013 1532 1075 1604 N0.
1105 1555 1210 1603 2220.
1237 1535 1290 1601 bi·

408 1652 513 1744 bliogr.
536 1652 623 1719 inser.
638 1701 648 1736 ,
665 1648 718 1743 ubi
736 1646 800 1718 duo
822 1648 943 1718 tantem
965 1649 1027 1720 huc
1053 1670 1151 1745 usque
1176 1670 1290 1718 exem·

406 1767 505 1860 plaria
521 1765 647 1860 cognita
664 1785 818 1837 recenset.
841 1765 975 1836 Extabat
997 1765 1079 1839 aliud
1100 1765 1184 1861 apud
1201 1762 1289 1838 Cre·

407 1901 538 1970 venna,
563 1901 594 1952 et
622 1881 706 1977 apud
729 1881 838 1954 Pinelli
857 1883 920 1957 'N⁰.
945 1906 1050 1983 7154.

357 2082 388 2164 6
411 2078 581 2293 Robelrti
603 2079 654 2166 de
677 2083 785 2165 Litio
810 2109 912 2192 opus
930 2078 1289 2198 quadragesimale.¹
1322 2154 1327 2164 .

412 2212 526 2296 In·fo
544 2272 555 2295 .

451 2402 488 2473 In
510 2403 571 2472 fine
593 2402 673 2474 folio
694 2420 782 2475 recto
803 2400 996 2500 legitur
1017 2429 1093 2496 opus
1113 2409 1287 2502 quadrage·

404 2524 510 2591 simale
522 2524 774 2614 perutilissimum
788 2525 873 2609 quod
885 2524 919 2592 de
928 2525 1097 2612 penitentia
1113 2524 1227 2622 dictum
1244 2548 1289 2597 est

396 2635 477 2724 finit
489 2632 628 2724 felicitati

455 2768 586 2863 Absque
620 2766 817 2862 signaturis,
852 2768 991 2839 numeris
1023 2790 1055 2841 et
1089 2775 1287 2851 custodibus.'

405 2885 530 2981 Paginae
547 2903 618 2954 sunt
634 2906 683 2973 44
700 2883 808 2956 linear.
822 2936 834 2973 ,
857 2904 888 2955 et
904 2884 1013 2957 ultime
1029 2912 1087 2979 42.
1108 2890 1287 2967 Character

296 3037 301 3046 ·
405 2993 573 3099 gothicus,¹
602 3020 633 3116 et
663 3027 703 3071 ex
729 3026 849 3098 genere
878 3030 944 3100 quo
973 3004 1115 3088 Basileae,
1130 3008 1286 3094 Wenslet

406 3122 620 3212 utebatuw,
654 3105 729 3191 folia
746 3119 926 3216 precedunt
942 3143 1061 3195 textum
1084 3128 1233 3203 auctoris.

358 3348 385 3440 7
411 3318 620 3404 Sermones
648 3347 718 3430 per
746 3316 958 3406 adventurn
984 3320 1163 3425 domini,
1187 3355 1284 3412 curn

189 3558 193 3563 1
408 3449 546 3537 multis·
569 3450 653 3536 aliis
682 3449 874 3539 inclusive
902 3461 1081 3569 magistri
1112 3456 1283 3543 Roberti

326 3647 353 3685 „
411 3583 595 3669 deLitio
622 3582 937 3700 (Caraccioli.)
967 3571 1122 3673 Iri-fol.

453 3771 536 3844 Huic
552 3772 651 3844 etiam
672 3773 801 3847 inheret
819 3801 830 3848 :
