3259 5075
517 617 1021 754 tutunuuinu
1209 684 1227 760 ς

296 797 545 885 Dominicus
573 796 764 886 Bollanus
792 797 843 883 de
873 799 1170 909 Conceptione.

403 989 606 1059 Tenninatur
621 989 701 1059 folio
723 1014 818 1058 verso
842 1012 915 1058 cum
939 985 1039 1082 primi
1061 989 1230 1076 columna,

350 1110 401 1178 his
431 1108 532 1178 verbis
559 1107 740 1183 charactere
765 1108 920 1178 minuto:
950 1107 1023 1175 Deo
1041 1111 1137 1202 gratie
1158 1109 1230 1196 infi-

350 1228 441 1312 nite;
462 1245 494 1295 et
509 1248 581 1295 cum
603 1221 800 1319 signaturip
823 1249 858 1313 4.
1039 1221 1044 1231 '

292 1428 324 1510 8
357 1421 544 1534 Epistola
576 1424 751 1512 Johann.
781 1423 1048 1506 Chrisostomi
1077 1420 1128 1506 ad
1152 1422 1231 1534 Cy-

357 1561 512 1640 riacum
538 1549 669 1667 Elium
696 1581 737 1638 et
759 1552 942 1638 Exulem.
973 1560 1163 1666 Quinque
1190 1579 1230 1637 et

356 1693 517 1798 vigenti
537 1717 738 1772 sermones
763 1684 945 1770 morales.
974 1684 1157 1797 Epistola
1181 1684 1231 1770 ad

355 1818 624 1942 Theodorum
650 1819 912 1905 Monachum.
944 1816 1100 1902 In-fol.

400 2009 576 2080 Character
607 2008 766 2104 gothicus.
804 2009 892 2080 Folia
925 2011 1083 2104 signantur
1113 2035 1231 2082 numea

349 2146 526 2222 ranturque
547 2146 579 2198 et
600 2146 672 2199 sunt
693 2127 776 2215 XL„
803 2126 965 2204 Columna
986 2129 1093 2199 ultima
1119 2154 1160 2199 ex
1187 2153 1230 2222 17

347 2245 452 2319 lineis.

291 2475 325 2557 9
356 2445 436 2526 Les
464 2447 679 2555 croniques
704 2441 757 2526 du
785 2442 1056 2526 tres-chretien
1080 2466 1120 2523 et
1141 2441 1235 2526 tres·

355 2581 584 2664 victorieux
605 2577 711 2683 Loys
733 2574 783 2657 de
806 2573 962 2663 Vallois
983 2575 1045 2658 feu
1069 2576 1163 2683 Roy
1184 2572 1235 2658 de
1349 2558 1352 2563 ¹

357 2709 556 2813 France‚
585 2733 664 2818 que
696 2707 801 2791 Dieu
833 2704 1022 2807 absolve,
1051 2685 1233 2789 onzieme

269 2851 273 2856 '
308 2865 318 2880 ·
360 2841 417 2928 de
447 2868 641 2942 cenom,
672 2864 865 2948 avecques
892 2835 1085 2947 plusieurs
1103 2861 1233 2919 autres

359 2971 601 3059 adventures
612 2968 808 3062 advenues
821 2992 905 3051 tant
919 2998 970 3053 en
986 2999 1032 3054 ce
1046 2997 1234 3078 royaume

360 3103 417 3190 de
436 3106 589 3190 France
610 3131 765 3186 comme
790 3103 830 3186 es
857 3106 940 3213 pais
964 3107 1146 3217 voisins,
1171 3100 1236 3184 de·

288 3280 290 3283 ’
356 3242 452 3349 puis
469 3233 543 3321 l'an
561 3222 1232 3346 1460jusqu'enl’an1483.ln·fol.

358 3366 380 3481 (
402 3366 546 3451 Letrres
572 3351 738 3449 butades
760 3379 793 3449 ei
811 3371 835 3446 ὰ
852 3368 1006 3478 longues
1022 3362 1190 3477 lignes.)

403 3556 608 3629 Terminatur
630 3584 704 3634 cunr
731 3556 928 3653 signatutik
956 3578 986 3654 ς.
1011 3556 1114 3626 Prima
1141 3554 1235 3628 editio

345 3678 424 3760 libri
449 3678 588 3767 cronique
609 3681 813 3757 scaadaleuse,
859 3764 868 3787 Χ

287 3912 353 3972 10
389 3839 535 3966 Sancti
572 3872 713 3986 cyrilli
752 3872 1042 3989 apologieticus
1079 3871 1237 3984 quadri·
1303 3891 1305 3894 ’

314 4031 316 4035 ·
978 4002 1088 4092 γΑῐῆ
