3259 5075
561 509 892 602 nnrnnnn
927 543 1030 614 1490.
1209 553 1255 619 ις
1339 479 1384 572 ’·

327 713 389 799 43
416 685 607 802 Philelphi
631 638 888 804 epistolarum
911 691 1003 779 libri
1033 701 1098 783 16.
1124 704 1252 815 In·4⁰.

429 881 610 975 Gothicus,
632 909 673 961 ex
698 909 768 979 227
786 885 867 959 foliis
888 889 1057 962 numeratis
1077 917 1167 966 more
1185 892 1254 966 Ro-

379 1021 491 1071 mano.

229 1303 233 1311 ι
323 1223 387 1310 44
425 1196 644 1313 Heptaplus
679 1204 770 1294 Joa.
807 1203 891 1331 Pici
929 1205 1170 1297 Mirandulae¹
1202 1207 1252 1296 de
1303 1231 1311 1244 “

293 1434 296 1440 ¹
387 1332 608 1443 septiformi
632 1365 702 1420 sex
728 1335 880 1437 dierum
904 1338 1110 1425 Geneseos
1139 1369 1251 1426 enar·

383 1469 539 1550 ratione
565 1466 617 1552 ad
643 1470 832 1588 Laurent.
858 1468 1071 1555 Medicem.
1095 1471 1232 1558 In-fol.

425 1655 542 1728 Praeest
561 1659 694 1754 epistola
719 1659 856 1731 Roberti
879 1659 1007 1731 Salviati
1034 1659 1067 1728 in
1092 1658 1155 1755 quai
1179 1659 1252 1731 dicit

371 1797 409 1851 se
424 1774 564 1881 propriis
585 1777 729 1874 expensis
754 1804 879 1850 curasse
902 1778 1049 1874 imprimi.
1077 1773 1251 1849 Character

371 1887 511 1993 elegans.
538 1893 664 1992 Paginae
690 1897 809 1968 habent
838 1920 884 1990 29
905 1898 1002 1968 lineas
1026 1917 1060 1968 et
1085 1895 1194 1967 ultima
1216 1919 1250 1988 9.

367 2011 463 2081 Folia
485 2012 673 2107 signantu13
700 2007 733 2087 e't
760 2014 926 2086 Florentia
955 2013 1078 2086 videtur
1110 2012 1251 2106 impres.

368 2127 459 2200 circa
486 2129 588 2220 1480.

308 2367 370 2460 45
409 2340 544 2428 AEnee
572 2343 683 2430 Silvii
707 2346 972 2436 Picolominei
997 2352 1067 2458 qui
1093 2372 1133 2430 et
1156 2346 1251 2429 Pius

272 2585 276 2590 .
368 2475 576 2564 ⁴secundus
602 2479 704 2581 fuit,
731 2476 910 2589 epistolae
932 2483 975 2559 in
993 2475 1251 2570 ..Cardinalatu

372 2606 514 2692 editu:
535 2608 618 2721 lege·
628 2605 817 2721 faciliter.
840 2610 966 2719 In-40.
1083 2617 1088 2625 ’

416 2798 466 2870 Ita
491 2798 627 2895 incipit,
651 2798 752 2870 etsie
779 2786 890 2893 posteri
917 2798 1125 2869 terminatur:
1145 2799 1251 2889 finiri!

363 2917 490 3009 epistole
510 2918 594 2988 Enee
620 2919 712 2987 Silvii
736 2918 951 2986 Piccolominei
976 2921 1029 3008 qui
1052 2940 1081 2986 et
1100 2918 1178 2986 Pius
1198 2942 1247 2985 se-

338 3037 489 3115 'cundur
502 3034 572 3124 fuit
589 3038 624 3105 in
648 3035 852 3105 Cardinalatu
872 3038 955 3108 edite.

417 3189 622 3293 Terminatur
643 3192 724 3263 folio
746 3218 842 3263 verso
867 3218 939 3264 cum
966 3217 1013 3285 29
1037 3190 1136 3263 lineis.
1167 3189 1248 3261 Cae-

303 3366 311 3386 ,
359 3328 445 3380 terae
471 3308 550 3380 verri
573 3312 695 3404 paginae
717 3311 837 3383 habent
861 3335 931 3404 31,
953 3329 985 3380 et
1011 3310 1120 3379 ultima
1143 3309 1247 3403 signa·
1315 3398 1319 3415 ἱ

353 3447 440 3498 nura
454 3444 506 3496 *est
525 3454 559 3497 n.
581 3420 686 3525 Editin
703 3429 797 3499 etiam
817 3427 933 3497 Romae
955 3424 1106 3522 prodiisse
1122 3425 1245 3513 videtur

223 3583 226 3589 ·
292 3544 296 3548 ’
354 3572 405 3618 ex
426 3545 613 3617 'charactere
640 3545 789 3643 Stephani
813 3544 958 3634 Planck,
985 3545 1069 3617 circa
1094 3539 1196 3630 1480.

284 3745 357 3852 46
373 3740 520 3855 Poggi
543 3736 768 3828 Florentini
788 3742 1101 3851 facetiae..1n·40.
1119 3769 1172 3826 m.
1197 3766 1229 3820 r.

450 3957 453 3962 .
1033 3869 1096 3960 Bij
