3259 5075
324 496 395 646 iis
738 550 771 620 r
805 546 842 621 r

712 706 862 780 Trrurr.

360 863 395 924 ln
415 866 577 927 summitate
600 865 724 945 capitum
742 866 939 944 reperiuntur,
959 859 990 921 in
1011 848 1180 934 ‘Ciceronis
1199 862 1269 945 epis·

322 962 406 1033 tolis,
427 963 492 1020 anni
516 983 601 1041 ¹470·
624 961 728 1021 Zellius
744 982 820 1022 anno
843 960 937 1035 1467,
960 977 989 1019 et
1011 959 1125 1020 Romae
1149 983 1186 1022 ac
1201 960 1271 1022 Mo-

322 1062 427 1141 guntiae
447 1081 500 1140 pro
520 1060 699 1133 Hieronimo,
717 1059 873 1139 Augustino
892 1079 925 1116 ac
945 1056 1060 1130 Gellio;
1081 1075 1114 1118 et
1136 1057 1270 1133 Jensou,

243 1143 245 1146 ¹
321 1155 386 1218 Joh.
403 1157 438 1217 de
453 1156 595 1227 Colonia,
615 1154 737 1216 Veneriis
744 1179 754 1231 3
768 1171 796 1216 et
810 1158 940 1236 Augusta
955 1153 1092 1214 Schusler
1111 1177 1174 1235 pro
1196 1155 1271 1217 Cres-

320 1255 406 1311 centio
423 1274 474 1312 eos
493 1252 654 1313 adhibuere.
673 1251 708 1312 ln
725 1271 803 1333 parte
821 1255 892 1313 verb
909 1253 1049 1332 superiori
1071 1254 1200 1332 paginae
1220 1275 1272 1314 eos

320 1349 449 1410 adhibuit
461 1349 578 1409 Colonia
600 1350 806 1411 Thethoemen
829 1371 883 1431 pro
896 1349 1056 1428 quodlibetis
1082 1348 1123 1411 S..
1135 1348 1272 1410 Thomae

319 1448 386 1505 anni
408 1469 492 1527 1471.
512 1469 592 1529 2533
614 1466 642 1508 et
661 1447 802 1508 Koelhoff
819 1469 895 1507 auno
916 1466 1010 1525 1472,
1032 1449 1064 1505 in
1081 1450 1271 1528 praeceptorio

320 1544 420 1602 diuino
436 1545 523 1626 legis,
542 1540 639 1606 titulos
659 1549 744 1606 etiam
772 1547 896 1626 capitum
915 1564 965 1604 seu
985 1562 1218 1624 praeceptorum
1242 1548 1272 1604 in

321 1660 401 1722 parte
428 1647 566 1724 superiori
586 1643 713 1703 adhibuit
740 1643 819 1717 2803
843 1639 917 1723 Sorg
946 1638 1033 1719 1476.
1071 1641 1162 1722 381,
1189 1641 1272 1727 384;

322 1739 449 1800 Colonia.
472 1761 558 1822 1479.
577 1760 648 1820 459.

553 1915 718 1986 Touosn
741 1912 902 2009 Hispaniae
923 1906 1010 1984 urbs.

360 2087 436 2149 Ante
460 2107 565 2164 anuum
597 2087 672 2162 1480
705 2088 735 2145 in
760 2086 823 2167 ipsa
849 2085 1091 2167 imprimebatur,
1117 2086 1218 2151 Tom.
1245 2089 1270 2151 1,

326 2205 390 2266 131.

625 2320 968 2396 Touuatruauras
1111 2420 1113 2426 Ι
1188 2401 1191 2404 ,
1241 2295 1245 2300 ’

359 2496 415 2559 Pro
436 2518 536 2560 eorum
555 2498 693 2572 historii,
713 2496 802 2559 Tom.
823 2496 847 2558 1.
866 2500 931 2579 pag.
952 2515 1000 2577 92.

586 2672 847 2745 Trroourrur
875 2672 978 2767 Regii.
1032 2758 1034 2763 χ

360 2826 409 2887 Ab
430 2848 505 2886 anno
528 2826 603 2906 1487
626 2850 679 2907 pro
696 2826 822 2887 Franciae
841 2826 920 2909 Rege
938 2822 1057 2886 Parisiis
1077 2824 1182 2888 Petrus
1205 2829 1265 2889 Ru-

320 2925 390 2984 beus
406 2926 559 3003 impressor
579 2929 671 3005 regius
686 2929 765 3004 typis
783 2927 930 2985 mandavit
943 2922 1084 2982 Guillemi
1098 2926 1136 2985 de
1156 2924 1266 2987 Okam

321 3021 479 3098 quodlibeta.
497 3019 738 3092 Academiarum,
757 3021 805 3100 85.
830 3041 874 3095 14.
887 3021 995 3084 Eorum
1010 3018 1146 3092 fraudes,
1168 3022 1264 3089 Tom.

320 3114 344 3175 1.
372 3136 439 3196 437·

628 3254 927 3330 Turocurrrrm.

343 3428 538 3498 Testimonia
562 3430 599 3491 de
627 3430 686 3510 ejus
712 3408 877 3493 inventione
902 3433 931 3489 in
960 3429 1059 3509 primis
1080 3431 1263 3496 editionibus

312 3528 443 3606 fasciculi
454 3546 603 3608 temporum.
618 3528 697 3588 Nihil
710 3530 828 3588 habetur
838 3530 874 3588 de
888 3530 937 3602 eri,
947 3526 1039 3587 Tom‘
1049 3525 1074 3586 I·
1092 3550 1165 3608 1773
1182 3533 1263 3595 bene

264 3660 265 3663 ¹
319 3629 436 3686 veihin
453 3629 624 3687 editionibus
640 3626 676 3685 ab
697 3648 772 3685 antro
795 3645 889 3705 1479,
911 3645 986 3705 333,
1005 3625 1082 3703 4583
1099 3622 1196 3689 Tom.
1218 3630 1261 3692 ΙΙ.

319 3742 379 3796 41,
404 3723 449 3801 58.
471 3724 623 3805 Singularis
649 3724 765 3783 historia
794 3723 945 3781 occasione
974 3719 1056 3800 hujus
1087 3725 1156 3783 artis
1188 3749 1260 3807 quae

320 3818 431 3884 Genuae
452 3819 677 3899 accidir‚,Tom.
701 3820 724 3887 1.
749 3819 815 3902 326.
840 3817 917 3885 Sicut
934 3836 962 3899 et
979 3821 1009 3884 in
1029 3818 1175 3903 Augusti.
1200 3823 1259 3905 Pe:
