3259 5075
361 621 436 705 '420
776 600 812 671 0
841 599 876 671 V

599 759 788 849 MULLER,
807 753 1054 854 Typographus,
1157 735 1163 744 ’

403 917 452 979 De
471 915 665 998 typographi&
691 911 828 981 Mulieri,
855 929 904 968 seu
928 906 1032 967 Joann·
1063 903 1309 988 Regiomontani

238 1010 244 1021 “
361 1017 394 1077 in
406 1014 602 1097 Nurcmbergd
611 1053 621 1084 ,
635 1010 724 1072 Tom.
737 1008 762 1069 1.
778 1007 852 1088 1563
863 1003 952 1068 Tom.
967 1003 1006 1065 ll.
1020 1002 1064 1064 D.
1078 1023 1127 1083 29.

793 1186 850 1272 N.

738 1400 921 1472 Nomius.

402 1560 464 1622 Suis
482 1558 611 1641 expensis
629 1556 801 1638 quandbque
820 1553 954 1615 curabant
971 1551 1098 1632 imprimi
1117 1569 1214 1630 opera
1228 1551 1310 1614 doc·

362 1674 460 1720 torum
482 1658 627 1731 virorum,
640 1653 683 1714 D.
705 1673 756 1727 44.

571 1786 574 1790 ’
621 1808 744 1878 Nom
772 1809 805 1878 in
830 1806 1031 1904 marginibus.

400 1965 505 2027 Extant
521 1966 551 2022 in
568 1961 719 2042 Appiano,
737 1959 805 2018 anni
830 1979 917 2039 1477·
941 1979 1012 2040 409.

645 2117 842 2190 NUMERUS
861 2115 900 2218 'in
922 2113 1015 2189 foliis.

402 2276 525 2339 Joannes
542 2289 570 2334 et
592 2272 714 2334 Ginther
732 2271 834 2331 Zainer
851 2273 881 2330 in
895 2268 1026 2352 Augusti
1046 2284 1075 2328 et
1093 2267 1194 2331 Ulmae
1213 2274 1307 2336 adhi-

362 2377 449 2437 buere
470 2392 603 2434 numeros
622 2391 705 2431 more
724 2367 875 2442 Roman03
892 2390 965 2428 unus
982 2370 1013 2427 in
1032 2367 1148 2426 historici
1167 2370 1305 2441 scholas-

363 2474 436 2543 ticd,
453 2488 481 2531 et
505 2471 575 2529 alter
595 2471 625 2528 in
647 2466 779 2527 Boccacio
796 2467 833 2527 de
858 2464 938 2524 claris
958 2464 1126 2542 mulieribus,
1147 2465 1245 2528 Tom.
1272 2470 1303 2531 Ι.

364 2592 443 2652 294,
470 2567 546 2649 298,
576 2588 645 2649 299.
674 2564 886 2647 Signaturarum
912 2581 1014 2647 gerunt
1034 2564 1241 2634 vices,Tom.
1274 2568 1305 2630 Ι.

365 2668 435 2748 388.
462 2665 541 2726 Licet
560 2679 705 2750 numerata
729 2683 788 2722 non
809 2662 914 2722 fuerint
934 2661 1023 2735 folia,
1050 2664 1125 2743 saepe
1148 2680 1248 2725 tamen
1270 2670 1306 2727 in

241 2811 245 2819 .
362 2764 458 2826 indice
479 2779 627 2822 numerata
651 2777 869 2841 supponuntur,
888 2762 928 2820 sic
949 2759 1040 2820 Tom.
1067 2758 1095 2819 I·
1122 2781 1204 2841 330,
1227 2783 1304 2845 345.

364 2860 400 2922 In
426 2862 548 2919 numeris
573 2861 638 2918 anni
660 2873 707 2916 aut
733 2857 789 2916 diei
813 2857 969 2925 mendum,
992 2878 1061 2939 432.
1083 2857 1166 2939 Saepe
1186 2860 1305 2923 denarii

365 2974 415 3017 aut
434 2958 585 3015 centenarii
604 2952 805 3012 omittebantur
824 2956 854 3012 in
879 2949 1147 3035 subscriptionibus,
1168 2956 1219 3018 81.
1247 2957 1302 3041 1'9.
1321 2975 1325 2996 ¹

365 3052 402 3113 In
423 3052 526 3132 pagini
548 3049 694 3117 inferiori,
714 3047 762 3108 81.
787 3065 847 3129 313
866 3049 913 3110 82.
938 3071 993 3129 153
1010 3052 1058 3132 85.
1080 3074 1127 3113 11.
1154 3052 1189 3114 In
1216 3075 1303 3135 parte

365 3150 526 3230 superiori,
543 3148 593 3207 sed
610 3161 688 3206 extra
707 3148 873 3228 paginarum
898 3146 1127 3227 justificationem
1142 3192 1152 3221 ,
1168 3152 1220 3233 98.
1246 3156 1300 3217 16.
1326 3225 1329 3232 1

366 3246 496 3309 Arabicis
509 3246 658 3307 utebantur
667 3242 814 3315 Venetiis,
828 3245 879 3326 83.
891 3246 927 3322 83
937 3244 1069 3329 Lugduni
1078 3249 1172 3324 verb,
1185 3252 1298 3331 83.1o.

800 3424 857 3508 Ο.

738 3632 919 3710 Ovtows.

408 3784 451 3847 Ex
461 3780 584 3843 editione
593 3783 741 3860 Romani,
754 3789 955 3849 determinatur
965 3789 1024 3867 ejus
1033 3792 1155 3872 epocha,
1165 3790 1255 3857 Tom.
1269 3798 1298 3858 Ι.

370 3882 437 3948 161,
457 3877 553 3942 Editio
570 3878 758 3944 Bononiensis
777 3889 844 3947 anni
862 3909 956 3968 1471,
977 3892 1051 3969 apud
1070 3890 1218 3962 canonicos
1233 3894 1296 3964 Pas
