3259 5075
424 617 494 691 280
707 612 1053 692 CODICES

468 800 537 847 esse
564 801 583 846 a
610 771 741 870 simplici
770 775 898 844 candela*
920 767 1101 842 Gerlandi-:
1129 791 1233 864 neque
1260 766 1346 865 enirn
1425 821 1432 836 .

343 889 346 896 ’
418 920 422 927 ’
467 919 572 966 unurn
585 895 738 965 volumen
759 891 862 962 insol.
881 945 892 978 ,
909 910 941 960 et
958 889 1088 984 quidem
1107 913 1146 957 err
1163 888 1345 978 charactere

467 1013 591 1084 minuto
609 1039 645 1082 ac
663 1011 850 1082 abbreviato
867 1008 1022 1078 contineri
1039 1007 1122 1076 valet
1140 1006 1171 1073 in
1194 1032 1260 1076 uno
1281 1006 1349 1076 for·

466 1154 529 1200 mae
551 1128 674 1217 in·8⁰.‚
698 1108 802 1222 neque
824 1127 918 1196 etiarn
941 1123 1032 1214 hujus
1052 1142 1270 1194 memorantur
1287 1123 1348 1193 Pe-

468 1247 584 1334 treius,
607 1249 755 1343 Foppens
771 1261 802 1316 et
819 1244 1026 1331 Harthzeim,
1044 1243 1098 1338 qui
1118 1241 1187 1323 fuse
1208 1240 1248 1311 de
1267 1266 1347 1336 ope-

439 1391 441 1394 ⁴
466 1362 551 1435 ribus
574 1363 701 1453 Joannis
727 1363 804 1434 Justi
827 1362 1045 1433 disseruerunt.
1074 1357 1213 1431 Codices
1241 1378 1347 1431 autem

466 1479 559 1570 hujus
571 1461 877 1553 habentnrDiviorre
888 1480 971 1575 apud
985 1478 1137 1550 Sanctum
1152 1479 1328 1573 Benignurn
1335 1533 1348 1566 ,

467 1598 588 1672 Parisiis
610 1599 694 1696 apud
717 1600 750 1672 S.
772 1600 965 1687 Victorem,
987 1618 1019 1670 et
1044 1597 1128 1695 apud
1150 1597 1348 1668 Dominica-

384 1763 393 1783 ς
428 1727 431 1734 ’
467 1743 528 1788 nos
559 1718 592 1792 S.
616 1717 727 1789 Jacobi
752 1739 784 1788 et
806 1717 1002 1789 Clarevallis.
1037 1718 1145 1788 Abbas
1172 1718 1201 1786 le
1228 1716 1349 1806 Boeuf,
1412 1796 1414 1798 ,

468 1832 583 1906 dissert.
606 1862 662 1905 sur
681 1837 825 1904 l'lzistoire
848 1839 1003 1907 ecclesiast.
1030 1860 1058 1904 er
1077 1839 1160 1906 civile
1182 1827 1223 1903 di
1234 1835 1348 1922 Paris,

438 1966 439 1969 ’
469 1956 559 2044 impr.
576 1933 710 2048 ¹1743*⁹
732 1951 833 2024 Tom.
855 1954 930 2042 111,
955 1979 1026 2047 pag.
1052 1952 1147 2041 481,
1175 1979 1274 2024 unum
1297 1954 1349 2021 in-

384 2138 385 2142 ,
469 2069 553 2141 dicat
574 2071 658 2165 apud
681 2071 920 2143 Dominicanos
940 2071 1141 2160 Trecenses,
1166 2071 1349 2166 quifuerat

469 2188 548 2264 olinr
577 2188 687 2259 Caroli
717 2190 770 2261 Vi.
794 2189 915 2284 Regis3
938 2207 970 2259 et
1002 2209 1048 2259 est
1076 2189 1237 2284 exemplar
1259 2187 1349 2283 quod

410 2302 412 2309 ’
469 2303 521 2376 hic
544 2325 748 2397 recensetur,
771 2307 861 2404 quod
881 2299 989 2379 tarnen
1020 2332 1064 2377 22
1092 2308 1213 2378 tanturn
1237 2326 1350 2402 poste·

467 2425 567 2496 riores
590 2426 686 2507 libros
709 2426 848 2500 exhibet.
868 2515 874 2526 .

516 2566 553 2635 ln
578 2584 667 2661 parte
689 2566 843 2659 superiori
870 2565 948 2635 folii·
967 2565 1057 2660 primi
1085 2563 1224 2661 legitur:
1256 2567 1350 2635 istum

379 2754 381 2758 ,
468 2685 579 2753 librum
610 2710 697 2774 quern
729 2686 810 2752 dedit
836 2686 909 2751 Rex
944 2686 1073 2754 Carolus
1104 2687 1229 2755 libreriae
1261 2686 1352 2753 istius

469 2824 632 2870 conventus
651 2802 804 2869 Trecensis
822 2804 886 2871 ord.
909 2803 1059 2871 Prediear.
1082 2805 1257 2893 quicumque
1277 2805 1352 2870 alie-

408 2947 437 2983 ·.
469 2920 588 3003 naverir
612 2920 791 2986 sententiam
815 2917 1004 2989 excoirrrorris
1027 2922 1156 2990 incurret
1179 2899 1246 3012 ipso
1260 2918 1351 3009 facto

469 3037 548 3108 sieut
569 3055 693 3125 apparet
713 3026 770 3125 per
790 3039 904 3105 litteras
930 3042 1114 3127 apostolicas
1143 3065 1273 3131 quarum
1298 3064 1351 3107 co-

463 3155 522 3246 pia
543 3155 641 3221 estin
655 3153 723 3243 fine
742 3152 836 3248 hujus
857 3155 927 3223 libri
946 3156 1083 3245 seripta3
1103 3174 1135 3225 et
1156 3156 1188 3225 in
1209 3159 1271 3226 fine
1289 3184 1353 3227 vo·

458 3270 594 3351 *luminis
612 3270 774 3365 sequentia
789 3271 955 3366 leguntur,
968 3299 1007 3343 ex
1019 3272 1215 3370 autographi
1230 3295 1261 3344 et
1276 3300 1355 3346 coe·

470 3387 513 3459 usi
534 3414 658 3460 manu:
681 3415 768 3458 arrrzo
791 3391 910 3459 domini
945 3414 1060 3490 1375,
1083 3395 1164 3462 dedit
1188 3393 1281 3460 istum
1309 3397 1367 3459 li-v

468 3511 555 3605 brurrz
576 3534 637 3599 pro
668 3511 788 3579 libreria
818 3513 972 3578 communi
1004 3514 1094 3580 istius
1122 3507 1248 3578 eor'zutus
1279 3509 1353 3579 Tre·
1379 3601 1382 3605 Δ

469 3628 566 3694 censis
595 3628 711 3695 ordinis
744 3624 915 3695 Prediearrn
947 3630 1170 3728 illustrissirrzus
1206 3628 1350 3717 princeps

468 3762 497 3809 et
520 3743 663 3811 dominus
691 3746 824 3813 domimi
857 3743 998 3810 Karolus
1028 3745 1075 3810 dei
1107 3744 1209 3838 gratia
1247 3748 1351 3811 Fran-

465 3882 570 3930 corum
595 3883 648 3927 rere
671 3864 906 3951 adpetitionem
930 3862 1014 3932 revdi
1029 3863 1066 3958 Hirr
1089 3883 1145 3933 xto
1166 3863 1273 3931 Patris
1294 3861 1351 3930 dni
