3259 5075
442 518 513 644 aso
608 648 611 652 ,
705 557 912 632 urunt
960 556 1091 630 suu

494 670 619 845 minus
638 745 772 834 1492,
794 715 925 802 Nonis
940 714 1060 828 Muij.
1077 710 1217 802 Indoi.
1236 716 1361 807 Tomi

493 853 592 942 duo.
620 881 674 937 m.
701 880 736 934 r.

533 1039 705 1137 Exemplar
732 1018 995 1136 elegantissimum
1023 1036 1167 1114 editionis
1192 1036 1364 1134 originalis:

486 1160 575 1240 Vide
591 1161 739 1256 Bibliogr.
755 1160 845 1230 inser.
868 1157 931 1230 N0.
955 1154 1059 1231 1268.

372 1362 390 1465 j
443 1385 491 1470 19
517 1353 728 1470 Raphaelis
762 1356 885 1470 Regii
914 1352 1091 1474 ducenta
1117 1350 1362 1465 problemata

492 1495 537 1574 in
583 1487 754 1573 totidem
794 1491 1060 1572 institutionis
1103 1484 1362 1592 Quintiliana

491 1618 807 1732 depravationes.

437 1808 618 1925 Ejusdem
658 1785 839 1914 Questio‘
882 1834 1015 1898 utrum
1059 1839 1121 1895 ars
1167 1811 1364 1895 rhetorica

449 2025 453 2034 .
493 1940 545 2026 ad
583 1941 833 2043 Herennium
870 1941 971 2029 falso
1010 1939 1253 2028 adscribatur
1284 1943 1382 2026 Ci-

493 2103 647 2159 ceronr.

336 2325 339 2332 .
390 2222 391 2226 i
438 2264 541 2350 Idem
556 2264 616 2351 'de
644 2262 826 2351 laudibus
854 2263 1107 2380 eloquentiae.
1134 2256 1250 2381 Impr.
1278 2262 1364 2352 ¹Ve-

495 2401 605 2484 netiis
638 2427 774 2513 1492,
800 2400 860 2508 die
889 2429 910 2481 2
917 2423 937 2512 5
967 2399 1206 2514 Septembris.
1233 2401 1366 2512 In·4⁰.

494 2564 550 2622 m.
575 2565 610 2622 Γ.

441 2751 496 2810 20
520 2723 714 2809 Bonifacii
735 2724 961 2835 Symonetae
990 2723 1170 2810 doctoris
1200 2752 1247 2808 ac
1274 2750 1363 2808 mo·

496 2860 658 2940 nasterii
687 2882 815 2939 cornu
852 2853 1025 2940 Abbatis
1051 2860 1095 2939 in
1124 2861 1367 2967 persecutio·

495 3013 587 3071 nem
623 2984 938 3068 Christianorum
977 2986 1170 3089 historia,
1199 2986 1367 3071 Pontifi-

495 3100 676 3229 cumque,
691 3121 1016 3201 commentarios.
1047 3115 1190 3222 Iri-fol.

534 3306 572 3378 In
593 3305 655 3376 fine
680 3303 820 3401 legitur:
850 3306 905 3377 doc
932 3333 1009 3399 opus
1036 3310 1213 3401 impressum
1233 3305 1303 3396 fuit
1331 3310 1367 3377 in

487 3424 604 3517 inclyta
626 3425 747 3497 civitate-
762 3425 937 3525 Mediolani
955 3452 1013 3518 per
1037 3429 1265 3499 solertissimum
1290 3429 1367 3495 artis

489 3544 696 3636 impressurus
714 3539 894 3637 magistrum
930 3545 1054 3616 Antan.
1091 3543 1243 3613 Zaromm
1282 3545 1367 3612 Par-

443 3690 446 3694 ·
487 3685 619 3733 mensem
656 3682 743 3729 anno
777 3662 891 3729 salun's
923 3663 1094 3732 christiana
1129 3659 1179 3735 M.
1214 3660 1366 3732 CCCC.

487 3773 700 3849 LXXXXII.
722 3775 757 3847 in
777 3802 878 3873 mense
892 3778 1050 3851 Ianuarii.
