3259 5075
427 548 502 649 '224
689 547 1084 627 tton1son

422 742 431 761 ²
481 713 529 796 ‘de
547 709 691 795 Rubeis
712 713 757 795 de
788 709 835 795 V
828 708 967 791 alentii
994 735 1130 820 1497,
1157 709 1263 791 tertio
1293 710 1363 790 Ca·

484 845 584 928 lend.
614 845 733 930 Maii.
763 838 908 925 In·fol.
941 871 995 926 m.
1032 871 1064 926 r.
1100 866 1192 928 cum
1221 842 1360 957 figuris

484 976 601 1095 ligno
632 977 784 1062 incisis.

522 1188 629 1265 Editio
647 1188 781 1284 amplior
803 1188 860 1260 iliis
884 1215 1040 1260 annorum
1068 1186 1133 1280 148
1139 1213 1155 1286 3
1182 1208 1215 1260 et
1243 1186 1309 1279 148
1316 1211 1359 1286 5,

421 1320 426 1328 ’
475 1324 643 1424 dequibus
655 1325 790 1400 Debute
803 1327 865 1399 ΝΟ.
884 1350 992 1425 4323.

423 1547 452 1629 6
473 1544 734 1662 Genealogiae
764 1547 936 1637 Joannis
963 1549 1151 1636 Boccacii
1174 1573 1264 1629 cum
1288 1539 1357 1627 de·

477 1676 836 1763 monstrationibus
888 1684 932 1760 in
980 1681 1120 1788 formis
1169 1676 1358 1761 arborum

479 1807 713 1926 designatis.

329 2083 331 2088 .
422 1997 603 2114 Ejusdem
633 1997 683 2085 de
710 1998 917 2085 montibus
943 2025 983 2084 et
1013 1996 1121 2086 silvis
1146 1982 1355 2109 fontibos,

478 2157 556 2218 etc.
586 2129 812 2247 Impressum
848 2131 893 2221 V
889 2135 1021 2217 enetiis
1045 2165 1119 2247 per
1144 2165 1202 2216 me
1232 2132 1354 2217 Man·
1424 2231 1426 2234 ι

463 2270 465 2275 ’
467 2261 620 2378 fredum
646 2266 691 2349 de
717 2263 853 2350 Strevo
884 2265 930 2348 de
955 2261 1228 2381 Montefhrrato
1254 2299 1355 2350 anno

484 2425 621 2510 1497,
655 2395 803 2484 Octavo
836 2399 938 2484 Kal.
969 2398 1134 2512 Aprilis.
1165 2395 1305 2483 Infol.

417 2658 447 2746 7
475 2630 572 2723 Vita
600 2624 873 2740 Scholasiica,
907 2660 1051 2743 poema
1079 2629 1210 2714 fratris
1236 2631 1351 2714 Bon·

473 2766 598 2850 vicini
633 2759 683 2847 de
720 2760 824 2873 Ripa
860 2759 1192 2846 Mediolanensis.
1230 2756 1351 2873 Jmpr.

474 2893 606 2975 Paris.
629 2926 703 3005 pro
735 2892 962 2976 Alexandro
999 2892 1144 3003 Alyate
1181 2891 1226 2973 o'e
1255 2890 1352 2974 Me-

472 3024 625 3106 diolano
651 3052 899 3106 commorante
928 3054 1013 3106 ante
1041 3025 1239 3137 collegium,
1264 3023 1351 3106 Na-

471 3187 578 3239 varra
620 3182 764 3270 1497,
805 3156 865 3239 die
908 3185 960 3268 14
996 3156 1149 3242 Martii.
1188 3159 1239 3239 In
1256 3172 1349 3268 ·4⁰.

344 3394 349 3405 '
472 3287 589 3405 goth.
618 3318 674 3373 tn.
702 3318 735 3375 r.

416 3504 441 3582 8
478 3503 538 3586 M.
573 3503 628 3585 T.
673 3501 885 3589 Ciceronis
923 3501 1029 3592 libri
1056 3504 1348 3590 rhetoricorum

471 3663 563 3717 cum
579 3633 875 3722 contn'tentariis
892 3642 1096 3727 Victorini
1112 3639 1349 3723 Maturantii

472 3789 513 3849 et
530 3755 781 3863 Mancintlli.
797 3767 917 3883 Impr.
927 3802 1002 3884 per
1012 3768 1147 3862 Jacob.
1162 3768 1359 3887 Suiglzum·

1310 3935 1350 3989 et
