3259 5075
505 615 994 693 Mnuuscnrrrn
1142 573 1217 724 2954

380 772 512 846 Nomen
545 779 640 859 dela
669 778 889 849 Bouchardiere
919 777 1028 850 habuit
1059 778 1218 853 chronica

331 894 422 984 haec,
441 896 481 966 ab
493 921 559 966 uno
578 895 722 967 dominio
738 894 824 969 dicto
837 898 1107 993 Bourg-Aclzard‚
1126 897 1215 994 quod

333 1013 391 1084 fuit
419 1014 543 1085 familiae
576 1013 617 1084 de
644 1012 781 1111 Courcy
813 1016 846 1084 in
876 1014 1218 1108 diaecesitRothoma-,v

335 1132 432 1226 gensi.
461 1131 649 1229 Disquisitio
672 1131 713 1203 de
735 1153 865 1246 apctore
887 1154 920 1205 et
938 1134 1110 1230 descriptio
1132 1132 1217 1223 'ejus-

332 1249 405 1320 dern
428 1251 550 1345 generis
575 1251 777 1345 manuscripti
802 1252 958 1324 habentur
980 1259 1109 1350 catalog.
1131 1255 1217 1322 dela
1285 1244 1286 1247 ¹

334 1371 466 1439 Vallitre
487 1368 548 1440 ΝΟ.
569 1371 690 1459 4061,
714 1368 800 1440 undo
829 1370 975 1441 eamdem
1001 1372 1218 1468 transsumpsit

252 1566 254 1569 .
335 1491 425 1556 catal.
438 1489 571 1558 biblioth.
588 1491 757 1584 elegantiss.
770 1491 942 1578 Parisino,
953 1488 1037 1584 apud
1049 1472 1218 1562 Edwardtz

334 1604 507 1676 Librariurn
524 1599 785 1697 Londinens'em‚
806 1633 892 1678 anno
914 1631 1017 1702 1790.
1063 1603 1071 1611 ’

383 1743 583 1816 Praemittitur
621 1746 711 1841 operi
752 1746 904 1842 prologus
951 1745 1088 1817 auctoris
1112 1724 1252 1834 ,ubt‘

335 1862 498 1932 exhibetur
528 1859 595 1952 ejus
621 1889 742 1950 nornen
774 1883 808 1936 ct
836 1865 930 1959 ipsius
959 1866 1062 1950 aet'as3
1085 1865 1121 1935 et¹
1144 1889 1218 1935 cunr

279 1976 297 2005 ⁵
334 1979 414 2050 folio
441 1980 534 2051 tertio
562 1983 670 2077 incipit
702 1984 780 2053 liber
811 1984 929 2077 primus
964 1982 1187 2054 chronicarum
1204 1997 1221 2072 -,'

333 2098 384 2168 cui
405 2099 599 2192 praemittitur
621 2101 742 2194 pictura
763 2126 828 2170 una
859 2101 920 2170 alta
944 2098 984 2169 ad
1007 2100 1117 2170 minus
1140 2118 1218 2171 octo
1243 2130 1248 2139 ·

333 2216 508 2307 pollicum,
530 2216 610 2286 sicut
637 2234 815 2313 sequentes.
845 2216 925 2288 Haec
956 2234 1061 2286 autern
1091 2215 1219 2287 exhibet

335 2356 441 2401 arcam
464 2332 540 2401 Noe
562 2351 594 2401 et
615 2333 878 2428 iconographiarn
903 2333 1029 2405 urbium
1054 2332 1171 2431 Argoo-
1186 2350 1219 2403 et
1297 2349 1299 2353 ’

334 2449 532 2519 Athenarum
558 2475 595 2520 ac
621 2451 712 2520 unius
738 2449 892 2521 exercitlrs
913 2445 1137 2551 belligcrnntist

383 2569 493 2637 Fronti
512 2568 581 2637 libri
598 2566 726 2640 secundi
743 2569 823 2656 alia,
843 2568 963 2650 maeniis
984 2568 1110 2639 exhibet
1129 2577 1221 2639 excr-'
1319 2608 1321 2610 ·

334 2685 431 2757 citum
455 2683 604 2774 Troianis
632 2682 872 2777 subiacentem,
894 2686 958 2759 uni
974 2712 1049 2758 curn
1069 2687 1220 2782 Priorno,

242 2810 250 2824 “
336 2830 376 2874 ex
404 2802 467 2875 unlt
494 2822 606 2897 parte,
633 2822 665 2875 et
688 2804 847 2875 Helenam
870 2831 945 2876 cunr
965 2804 1077 2875 Paride
1105 2830 1145 2877 ex
1170 2806 1220 2875 al·
1249 2869 1251 2871 ,

334 2921 401 2993 teri
423 2924 659 3020 equitantibus3
682 2926 777 2995 tertio
800 2923 881 2997 vero
914 2925 996 2995 libro
1025 2922 1221 3019 praernittitur
1248 2971 1252 2977 -

334 3043 454 3130 altera,
477 3044 510 3112 in
533 3041 595 3139 qul
621 3043 780 3140 inspicitur
810 3044 902 3140 origo
931 3070 987 3116 seu
1025 3036 1221 3115 constructio

334 3163 459 3234 urbium
492 3164 702 3235 Venetiarum
729 3218 740 3251 ‚
771 3162 982 3259 Cycambri,
1019 3160 1220 3256 Carth’aginis

335 3298 367 3347 et
394 3279 511 3351 Rornae
533 3305 545 3366 3
578 3300 611 3352 et
639 3305 714 3351 cum
747 3280 841 3349 tertio
869 3281 952 3349 libro
979 3278 1131 3350 clauditur
1145 3288 1219 3348 'vo-

334 3396 444 3467 lumen
467 3398 616 3492 pritnum.
907 3468 914 3480 ,
992 3447 994 3450 -
1065 3438 1070 3445 ·

383 3516 494 3585 Fronti
523 3513 603 3586 vero
633 3513 762 3586 secundi
790 3532 823 3586 et
853 3511 956 3612 quarti
993 3512 1064 3582 libri
1096 3510 1219 3582 videtur
1257 3553 1260 3557 -

336 3628 483 3725 Babylon
512 3651 544 3703 et
573 3634 771 3705 constructio
802 3633 893 3721 turris
925 3654 1022 3728 quarn
1049 3625 1219 3700 Nembrod
1268 3724 1270 3728 ‚

338 3768 473 3819 armatus
497 3752 658 3846 Giganteo
681 3778 773 3823 more
795 3752 930 3845 aspicit,
954 3767 987 3820 et
1006 3748 1039 3817 in
1065 3745 1219 3841 superiori

338 3882 426 3957 parte
443 3886 533 3939 ¹extat
553 3889 641 3964 pater
670 3889 805 3943 aetcrnus
828 3894 902 3942 curn
933 3866 1048 3964 angelo
1072 3888 1140 3937 uno
1164 3862 1220 3933 alis

989 3983 1023 4053 T
1040 3984 1073 4055 iv
