3259 5075
547 573 580 644 A
605 572 639 645 N
663 571 698 644 N
723 572 758 643 O
812 568 918 664 1482.
1151 593 1200 677 '59

324 715 451 785 dotrina.
492 737 568 803 rnuy
601 735 712 804 esperto
750 715 785 782 de
811 715 936 804 eopiosa
967 714 1113 784 memoria
1142 715 1203 806 fa-

323 835 423 903 rniliar
449 833 484 901 de
514 853 634 902 vuestta
662 836 758 928 altera
787 857 809 900 a
838 857 965 923 espensa
998 835 1048 902 det
1077 839 1154 924 qual
1181 856 1202 901 n

241 980 244 985 ·
322 954 356 1021 de
384 953 488 1046 garcia
524 953 573 1034 del
613 952 730 1020 casallo
771 951 876 1047 verino
917 952 953 1020 de
996 954 1119 1021 ntedina
1156 955 1207 1022 del

325 1094 422 1161 tanpo
449 1092 574 1139 tesorero
607 1071 674 1139 dela
712 1070 904 1138 hermandad
914 1152 916 1156 Ι
931 1071 1000 1140 a'ela
1031 1072 1143 1139 eibdad
1169 1073 1205 1138 de

324 1191 428 1259 senilla
449 1191 482 1256 la
501 1209 636 1279 presente
658 1189 765 1257 istoria
790 1192 914 1285 general
931 1214 969 1257 en
994 1190 1205 1280 multtplicadtt

327 1309 366 1375 da
389 1308 476 1396 copia
485 1331 548 1399 por
568 1309 725 1375 mandatio
744 1308 781 1375 de
802 1328 922 1378 vuestra
938 1312 1045 1405 altepa.
1068 1333 1090 1376 a
1106 1308 1205 1375 honr·
1236 1370 1246 1402 ⁸

272 1480 275 1485 .
328 1450 362 1494 ra
378 1427 426 1495 det
439 1425 587 1492 soberano
610 1427 793 1493 aimmenso
810 1426 878 1493 dios
897 1450 960 1496 vno
980 1450 1017 1494 en
1036 1426 1166 1494 tseenct'a
1184 1444 1206 1489 n

329 1543 405 1611 trino
428 1568 465 1610 tn
480 1567 645 1633 personas.
674 1543 715 1616 Et
738 1543 837 1615 verba
860 1543 930 1616 haec
953 1542 1089 1639 sequitur
1110 1543 1207 1614 relata

331 1660 523 1755 subscriptiO.

374 1815 533 1889 Immeritb
551 1818 642 1914 igitur
663 1819 832 1892 Meerman
852 1820 968 1893 ibidem
987 1820 1125 1916 appellat
1142 1816 1209 1890 edi·

333 1934 448 2007 stenem
477 1937 611 2033 primam
643 1943 723 2009 anni
756 1939 859 2036 1487.
895 1941 976 2012 Non
1008 1937 1209 2010 diffitentibus

333 2053 453 2125 eruditis
478 2055 563 2151 apud
586 2057 774 2153 Hispanos,
802 2059 925 2154 penitas
955 2060 1116 2154 ignoratur
1143 2053 1210 2126 edi-

334 2173 423 2245 tionis
446 2178 525 2244 anni
552 2174 643 2265 1482
667 2178 855 2267 existentia,
879 2175 967 2266 cujus
989 2177 1093 2248 titulus
1113 2172 1210 2245 latine

336 2293 503 2387 significat:
524 2295 644 2364 Didaci
669 2299 705 2365 de
729 2300 847 2369 Valere
868 2299 977 2391 epiloge
999 2296 1110 2365 croniti
1133 2290 1212 2361 His-

329 2412 429 2503 pania
452 2413 627 2487 abbreviati.

289 2656 317 2740 9
342 2628 515 2714 Euclidis
543 2628 736 2714 elementa
765 2659 858 2716 cum
884 2628 1083 2739 Campani
1110 2654 1215 2711 com·

344 2770 556 2850 menteriis.
587 2762 732 2849 In·fol.
763 2794 818 2849 m.
849 2792 883 2847 r.

385 2955 418 3023 In
448 2956 509 3027 fine
531 2955 663 3053 legitur:
692 2957 854 3026 Ethardas
880 2957 1012 3027 Ratdolt
1041 2955 1217 3051 Aegusam

340 3074 380 3144 sis
402 3078 563 3165 impressor
584 3078 796 3145 sobtrtissinttes
825 3078 959 3145 Venetiis
982 3076 1133 3167 impressit
1158 3099 1218 3142 an·

341 3199 382 3288 no
404 3197 512 3263 salutis
533 3194 581 3265 M.
600 3192 736 3266 CCCC.
760 3192 936 3265 LXXXII.
958 3196 1073 3266 octavis
1092 3192 1219 3264 Calend-

343 3308 438 3383 lanii.
466 3312 572 3382 Lector
602 3316 678 3382 vale.

374 3444 1223 3544 PraemittiturepistolaRatdoltadJoan.Mocenigum2

413 3604 597 3678 Enssso
624 3624 886 3680 PRINCEPS.

303 3823 355 3882 ιο
383 3801 559 3890 Euclidis
596 3803 788 3893 elementa
822 3812 1065 3924 geometriae.
1102 3805 1222 3917 Impr·
