3259 5075
456 568 458 574 ¹
577 585 946 686 ANN0·1481.
1178 609 1229 694 39'
1374 543 1385 564 ι

343 726 432 800 nardi
454 751 627 801 sermones.
662 731 750 802 Folia
777 731 938 827 signantur
964 748 996 803 et
1021 757 1090 805 non
1114 760 1227 810 nume-

342 866 461 920 rantur.
493 846 579 920 Vide
598 846 705 919 Denis
728 856 828 942 suppl.
849 853 957 922 Maici.
981 851 1043 925 N0.
1064 876 1171 950 4372.

292 1075 319 1159 7
354 1028 542 1155 Catulli,
583 1045 738 1132 Tibulli
780 1075 821 1134 et
854 1050 1054 1167 Propertii
1095 1078 1225 1162 poetae

349 1184 557 1291 carmina,
600 1179 680 1264 uni
717 1212 808 1266 cum
851 1181 974 1294 Sylvii
1014 1184 1130 1268 Statii
1171 1183 1227 1268 li-

256 1297 259 1302 ’
351 1311 433 1397 bris
457 1315 543 1420 IV,
568 1344 660 1399 cum
680 1309 882 1427 praemissi
902 1315 1070 1428 epistol&
1103 1305 1243 1407 Joans

351 1443 588 1663 Galphprnii
613 1447 665 1534 ad
699 1447 958 1534 Hermolaum
995 1449 1225 1536 Barbarum.

352 1580 426 1664 In·
439 1580 480 1664 fo
500 1640 511 1664 .

389 1751 426 1822 In
444 1753 507 1824 line
528 1754 599 1826 libri
616 1755 665 1826 lV
686 1741 857 1853 Sylvaruni
879 1754 1013 1851 legitur:
1036 1755 1075 1827 P.
1097 1755 1227 1846 Papinii

342 1875 435 1941 Statii
456 1877 625 1966 Sylvarum
643 1877 715 1944 liber
735 1876 862 1944 ultimus
883 1877 1006 1966 explicit
1019 1873 1068 1946 M.
1088 1873 1226 1947 CCCC.

342 1989 503 2063 LXXXI.
522 2015 627 2068 actum,
637 1998 672 2065 V
670 1994 805 2063 incenciae
820 2019 879 2083 per
895 1996 1031 2089 magistr.
1049 1994 1225 2065 Jovannem

341 2109 509 2180 liecensem
527 2135 555 2181 ar
574 2113 773 2206 Dionysiam
789 2114 981 2184 Bcrclzocum.
1009 2112 1050 2181 Et
1072 2112 1129 2183 tria
1148 2110 1225 2181 folia

308 2300 317 2325 ,
343 2247 515 2324 sequuntur
538 2255 609 2326 quae
635 2231 785 2302 exhibent
808 2257 929 2301 carmen
950 2231 1047 2301 Ioan.
1072 2230 1225 2321 Calplzar-

344 2349 389 2414 nii
399 2349 498 2438 pcctae
517 2351 679 2420 clarissimi
695 2354 739 2420 ad
756 2353 853 2423 Joan.
876 2351 1107 2419 Indcrbaclzium
1129 2349 1224 2418 Pont.
1308 2358 1309 2363 ’

344 2465 477 2538 Tridcnr.
507 2471 541 2536 dc
567 2470 711 2539 laudibus
734 2469 801 2559 ejus
831 2489 860 2536 et
880 2470 915 2536 de
934 2468 1055 2535 interitu
1077 2467 1155 2533 beari
1173 2466 1224 2532 Si-

342 2588 442 2656 monis
463 2584 607 2680 infirmis
622 2613 643 2655 a
664 2589 784 2659 Judaeis
806 2588 942 2659 mactati.
1034 2626 1039 2632 *

390 2704 425 2775 ln
443 2702 559 2776 eodem
579 2706 745 2778 volumine
767 2704 1002 2802 compingitur:

292 2856 430 2944 Flacci
453 2861 578 2956 Persii
608 2892 710 2974 opus
729 2856 958 2975 ‘satyrarum
990 2888 1081 2946 cum
1109 2886 1221 2946 com·

349 3018 470 3077 ment.
498 2993 675 3079 Barthol.
707 2996 863 3080 Fontii.
1200 2980 1205 2989 ⁴

389 3126 424 3234 ln
444 3163 531 3256 cujus
554 3167 616 3261 fine
634 3166 768 3263 legitur:
788 3168 835 3238 A.
853 3167 952 3236 Persii
973 3166 1075 3236 Flacci
1095 3185 1222 3255 satyra·

343 3309 410 3352 mm
426 3286 506 3375 fiais
527 3285 576 3357 M.
597 3284 732 3358 ccco.
754 3284 917 3357 cxxxi.

296 3461 320 3542 8
346 3460 408 3542 M.
425 3460 479 3544 T.
501 3463 711 3548 Ciceronis
728 3460 782 3547 de
805 3457 1038 3570 officiislib.
1062 3485 1222 3567 3,cum
1343 3548 1346 3552 ,

352 3622 610 3680 commentar.
637 3595 744 3679 Petri
767 3598 908 3679 Marsi.
936 3591 1113 3709 Impress.
1150 3590 1192 3674 V
1189 3621 1223 3670 e·

355 3728 461 3808 neriis
477 3762 548 3841 per
570 3730 737 3843 Baptist.
764 3729 808 3811 ale
841 3728 879 3810 T
874 3730 965 3811 ortis
995 3731 1133 3841 1481,
1162 3721 1221 3806 dic

292 3871 300 3888 ‘
360 3880 408 3940 12
442 3857 629 3951 Octobris.
658 3859 820 3947 In-fol.
849 3892 903 3947 m.
924 3892 957 3947 r.
987 3940 1048 4043 'C'

1042 3997 1074 4044 nr
