3259 5075
690 636 724 714 'A
760 632 792 714 U
1133 634 1205 738 ‘315

188 806 200 828 ⁰
277 797 363 861 Liber
382 812 542 879 compotus.
563 798 648 880 lugd.
671 818 718 879 92.
743 820 770 862 2.
791 814 821 860 et
838 815 920 881 parte
940 799 981 861 ιθ.
998 815 1070 880 pag.
1090 793 1157 877 265.

279 896 500 979 Epigrammata.
523 897 654 958 Veneriis.
676 895 724 957 88.
750 916 775 975 ς.

521 1055 720 1133 Aucusrn
742 1054 946 1131 Hrsronm

281 1211 457 1293 Scriptores;
468 1209 638 1282 Suetonius,
650 1208 834 1287 Spartianus,
851 1230 905 1273 etc.
917 1210 1084 1275 Mediolani.
1096 1232 1147 1292 75.
1165 1231 1214 1290 27.

367 1391 368 1394 ‘
439 1368 720 1457 Aucusrruau,
741 1365 886 1464 Hippon.
909 1369 1060 1467 Episcop.

282 1526 370 1591 Liber
394 1527 591 1628 epistolarum.
613 1522 829 1604 (Mannum.)
848 1521 949 1583 ln·fol.
968 1521 1002 1582 Β.
1018 1521 1048 1586 6;

218 1639 220 1642 ⁴
266 1620 331 1704 ⁴De
348 1623 463 1686 civitate
481 1623 540 1685 Dei
559 1644 625 1684 cum
644 1638 800 1684 comment
818 1620 946 1682 Thomae
962 1619 1079 1701 Anglici
1102 1617 1218 1699 (Mam

323 1723 414 1782 telius.
427 1730 439 1794 )
461 1721 511 1782 ln
512 1720 562 1785 fol
583 1721 618 1782 Β
638 1744 666 1801 7

283 1817 332 1883 De
350 1823 464 1883 civitate
484 1820 544 1882 Dei
565 1820 635 1881 libri
649 1815 767 1879 XXII.
787 1819 881 1881 Rome
900 1815 1076 1897 Sweynlreym
1095 1831 1119 1875 er
1136 1813 1218 1874 Pan·

322 1937 407 2000 nartz.
426 1917 528 1981 Inmfol
547 1918 644 1982 68.1.

275 2034 361 2067 '-·-·
382 2018 492 2076 Vende
482 2040 521 2080 m·
542 2020 574 2077 de
594 2017 688 2098 Spita.
712 2014 813 2078 In-fol.
834 2036 881 2096 70.
910 2033 934 2074 1.

284 2115 368 2181 Idem
385 2119 415 2175 in
434 2118 617 2183 membranis,
640 2137 668 2176 2.

285 2242 364 2263 ι·-
381 2215 482 2271 Romu.
499 2211 600 2273 In-fol.
620 2234 670 2293 70.
688 2235 716 2292 3·
803 2293 806 2298 Ι

285 2339 364 2362 ··--
377 2309 455 2372 Cum
471 2327 627 2375 comment.
650 2309 775 2390 Thomas
794 2310 898 2373 Valois
916 2327 944 2373 et
962 2307 1078 2374 Nicolai
1089 2302 1220 2369 Triverh.
1287 2347 1290 2354 ·

325 2409 485 2488 Mogontia.
506 2431 554 2490 73.
577 2430 603 2469 ι.

287 2541 365 2562 ··—-
380 2512 480 2572 Romu.
503 2533 551 2590 74.
572 2532 602 2591 7.

163 2661 165 2664 .
286 2640 366 2659 ι·-
382 2610 493 2671 Jenson.
514 2631 563 2691 75.
586 2633 613 2691 3.

286 2740 366 2759 --·
380 2708 457 2771 Cum
475 2725 631 2770 comment.
650 2707 778 2769 ursina.
797 2729 848 2789 79·
869 2713 897 2770 2

288 2806 511 2874 Confessionum
529 2807 606 2872 libri.
628 2807 791 2869 Mediolani.
811 2828 859 2888 75.
877 2827 908 2882 4.

287 2904 336 2967 De
349 2923 408 2967 arte
430 2906 619 2987 predicandi,
639 2910 699 2969 sive
721 2906 793 2967 liber
807 2922 924 2987 quartus
937 2904 974 2966 de
988 2901 1121 2967 doctrini
1137 2902 1222 2965 chris·

308 3005 404 3064 ¹tiana
422 3001 635 3079 (Mantelius.)
654 3003 757 3065 Iri-fol.
777 3004 811 3063 Β.
835 3024 859 3085 5.

288 3101 512 3166 Confessionum
532 3104 597 3163 libri
618 3104 824 3179 (Manutius.)
846 3102 946 3165 Infol.
962 3102 995 3163 B.
1015 3102 1045 3163 8.

289 3204 389 3261 Sermo
411 3202 447 3261 de
467 3201 552 3264 beati
577 3201 672 3265 Maria
694 3201 825 3283 Virgine.
854 3203 948 3277 (loli.
975 3203 1074 3275 Fusr,
1098 3216 1124 3258 er
1146 3200 1221 3264 Por.

329 3298 500 3379 Schoyffer.)
524 3298 558 3358 Β.
578 3298 606 3361 8.
1285 3287 1287 3291 ’

272 3416 339 3483 ,ΒΘ
358 3416 497 3477 Trinirare
515 3416 581 3476 libri
600 3414 674 3487 V.(
661 3415 847 3497 (Argentinae.
860 3417 873 3497 )
890 3416 938 3478 In·
938 3416 989 3478 fol.
1009 3414 1049 3477 C
1073 3436 1121 3479 20.
1187 3409 1203 3458 ’-

229 3526 233 3536 “
291 3510 340 3574 De
361 3516 496 3582 conflictu
523 3516 670 3601 vitiorum
684 3517 813 3592 (Pons,
834 3514 909 3576 Peri.
933 3513 1083 3587 casaris)
1109 3516 1169 3571 ln·
1152 3521 1224 3587 -4⁰.

291 3608 433 3773 ιὶξείὶιῗεῖ
436 3710 471 3772 de
489 3713 549 3773 viri
568 3712 727 3775 christiana.
744 3712 840 3794 spira.
863 3712 958 3787 In·4⁰.
975 3709 1012 3771 C
1033 3729 1084 3769 22
1133 3747 1137 3762 ι

292 3802 469 4012 Deslgfiocirtca
483 3810 536 3986 (ζ
535 3812 585 3875 dio
602 3812 667 3940 libri
684 3810 784 3876 XXII
804 3809 937 3921 (Aaron.
953 3808 1122 3906 Bononiens.
1135 3811 1148 3881 )
1169 3804 1221 3867 In·'
