3259 5075
182 496 194 518 ’
330 541 403 647 '548
624 542 1012 618 irssnrsun

411 689 639 799 corrigente
660 710 700 768 et
716 683 859 769 edente
879 685 1119 782 Hieronimo
1137 685 1285 803 Squar·

385 821 554 906 rzafico.
594 811 765 933 Imprssii
799 819 970 903 Veneriis
1001 849 1043 931 ‘p
1075 817 1286 934 Raynaldt'r

409 951 454 1036 de
480 951 715 1064 Novimagio
741 984 843 1034 anno
873 951 1017 1035 domini
1035 952 1098 1036 M.
1120 953 1284 1040 CCCC.

408 1089 512 1172 decio
530 1086 589 1168 die
605 1084 724 1198 Maij.
750 1081 890 1169 In-fol.
917 1114 968 1169 m.
995 1112 1028 1168 r.

449 1277 587 1351 Denarii
602 1277 744 1366 numeri,
761 1296 796 1349 ut
812 1273 962 1367 videtur,
980 1277 1185 1368 omittuntur3
1198 1277 1284 1350 unde

402 1397 566 1496 supplendi
588 1416 659 1468 sunt
682 1397 755 1468 anni
779 1395 850 1487 81,
873 1397 950 1470 hoc'
965 1396 1052 1467 enim
1075 1423 1164 1468 anno
1190 1417 1284 1469 etex

401 1515 519 1590 eodem
545 1517 727 1589 charactere
759 1499 844 1586 idem
874 1509 1114 1611 Typographus
1144 1515 1285 1611 vulgavit

401 1634 543 1728 ejusdem
565 1634 695 1732 iosephi
715 1636 807 1706 libros
827 1637 863 1705 de
883 1636 958 1705 bello
980 1635 1112 1707 Iudaico
1130 1655 1159 1704 er
1177 1654 1284 1704 contra

355 1812 358 1822 .
403 1759 591 1850 Appionem.

354 1958 410 2022 20
430 1929 596 2019 Missale
612 1931 830 2020 secundum
849 1958 964 2020 usum
980 1930 1133 2019 ordinis
1147 1929 1282 2019 Sancti

405 2066 629 2154 Benedicti.
655 2065 794 2152 Infol.
813 2073 859 2153 in
876 2064 1133 2184 pergameni.
1150 2092 1206 2150 m.
1229 2093 1265 2146 r.

349 2346 355 2359 ι
394 2242 396 2247 ¹
448 2256 485 2329 In
508 2258 572 2330 fine
597 2259 732 2356 legitur:
755 2260 801 2329 ad
821 2258 967 2330 honorem
996 2257 1212 2348 omnipotentis
1239 2253 1284 2322 da·

395 2381 668 2479 ghriosissimiqur
706 2379 847 2475 Virginis
884 2376 989 2446 Maris
1019 2397 1048 2445 et
1073 2374 1184 2444 Sancti
1214 2372 1284 2441 Mi-
1317 2429 1326 2445 ,

329 2502 332 2507 ’
399 2498 509 2569 chaelis
520 2494 599 2589 finit
606 2495 738 2587 feliciter
752 2496 893 2570 rivirum
908 2496 964 2565 hoc
982 2496 1114 2565 Missale
1132 2489 1283 2565 sacerrimi

376 2679 379 2686 Α
398 2618 519 2687 ordinis
539 2615 619 2685 beati
643 2616 785 2684 benedicti
802 2641 860 2705 per
887 2617 1006 2687 Iollan.
1040 2611 1286 2686 Sensenschnidr

401 2726 437 2795 in
457 2737 571 2797 moritis
594 2733 822 2804 Monadorum
843 2738 909 2803 loco
925 2721 1020 2829 peries
1037 2734 1168 2804 nobilem
1184 2731 1285 2799 urbm

401 2845 677 2940 Baberrbergensem
699 2871 787 2916 anno
810 2873 831 2915 a
843 2870 942 2939 partu
965 2849 1105 2945 Virginis
1127 2844 1284 2936 sabmfero

349 2951 351 2956 ’
401 2960 453 3037 M.
473 2961 609 3035 cccc,
631 2961 785 3036 LXXXI
807 2968 854 3034 Ate
874 2968 1012 3037 XXXr
1029 2968 1131 3052 Just,
1150 2982 1213 3037 etc.

365 3159 368 3164 .
449 3094 680 3174 Desiderantur
702 3102 850 3176 custodes
869 3132 906 3177 ac
927 3103 1116 3202 signaturae,
1134 3098 1191 3175 sed
1212 3100 1284 3176 folia

329 3279 332 3286 .
402 3220 558 3291 methodo
572 3220 723 3294 Romani
739 3244 943 3296 numerantur
960 3244 992 3295 et
1012 3242 1085 3295 sunt
1101 3221 1165 3294 CC
1183 3221 1283 3308 LVII,

363 3364 470 3447 &non
491 3344 663 3413 numeratis
687 3363 826 3440 quatuor
846 3344 929 3415 foliis
951 3342 1120 3415 calendarii
1137 3362 1170 3413 et
1189 3344 1284 3413 bene·

401 3454 551 3531 dictionis
581 3461 682 3549 salis,
717 3486 790 3559 quae
826 3482 969 3558 praeeunt
1001 3462 1126 3534 missali.
1162 3459 1282 3531 Litterae

227 3524 237 3542 ·‹
353 3576 360 3610 ⁸
400 3572 588 3674 principales
604 3578 737 3675 depictae
755 3601 852 3671 sunt,
875 3602 907 3654 et
922 3579 1069 3679 quaedam
1090 3578 1209 3676 figurae.
1228 3574 1281 3646 De

331 3751 336 3762 .
402 3693 469 3765 hoc
492 3696 566 3769 vide
589 3698 726 3794 Prosper
749 3699 928 3811 Marchand
951 3702 1073 3771 histoire
1093 3701 1129 3769 dc
1152 3693 1280 3787 timpri-

402 3816 501 3888 merie.

1153 3933 1201 3994 21
1226 3906 1279 3992 Di
