3259 5075
396 670 501 748 ‘¹34
629 644 732 729 ΗΒ.
762 642 838 741 ΑΒΙ
861 638 994 712 ΑΝΝ.
1030 663 1148 736 1490,

522 781 611 855 Foira
625 784 785 881 signantur
803 779 844 853 ab
857 779 952 872 alpha
969 776 1010 850 ad
1029 779 1153 872 kappa3
1168 797 1243 876 post
1258 777 1353 854 Mait-

475 904 575 990 taire,
599 900 743 973 editionis
764 893 856 986 hujus
876 916 1072 968 memoratur
1093 898 1203 969 Pinelli
1219 898 1251 968 in
1262 927 1354 991 pros·
1391 950 1393 957 ·

469 1044 552 1118 petto
571 1022 605 1089 di
623 1017 751 1112 edizioni
769 1017 847 1110 degd'
871 1017 989 1085 auctori
1014 1018 1133 1086 classici
1143 1041 1155 1102 ;
1177 1015 1233 1088 sed
1253 1042 1354 1090 nemo

475 1140 559 1210 hanc
572 1130 719 1205 'videndo
743 1131 916 1228 descripsit.
942 1132 1098 1204 Prodiisse
1121 1133 1246 1205 videtur
1269 1136 1353 1206 circa

480 1277 597 1346 1490,
620 1267 676 1321 aut
697 1252 841 1322 Venetiis
864 1271 917 1324 aut
936 1250 1052 1326 Rotnae
1071 1251 1156 1349 apud
1170 1251 1354 1349 Cagiiergy.

523 1368 629 1440 Editio
650 1369 797 1467 princeps
813 1396 851 1444 ac
871 1370 1036 1444 ratissima.
1063 1370 1242 1468 Aliquoties
1262 1395 1353 1444 com·

474 1488 610 1588 pingitur
625 1485 689 1559 uni
711 1513 786 1560 cum
809 1491 926 1582 Esopo.
956 1489 1002 1562 Ita
1026 1510 1075 1563 est
1096 1490 1255 1586 exemplar
1276 1490 1354 1561 Ma*

377 1609 382 1619 '
445 1677 449 1683 ,
476 1607 701 1707 giiabechianae
722 1608 899 1681 Florentiae.

252 1885 258 1899 .
371 1899 372 1903 Ν
432 1835 486 1919 14
511 1806 663 1891 Fratris
690 1790 918 1923 ¹'Cherubini
953 1805 1163 1891 Minorum
1199 1803 1354 1891 ordinis

419 1947 422 1952 ’
458 1935 534 2022 ¹ad
561 1926 758 2028 iacobum
784 1935 835 2021 de
869 1939 1111 2054 Borgiannis
1139 1936 1353 2051 spiritualis

391 2174 394 2182 Ι
434 2180 438 2189 ι
481 2073 564 2153 vite
592 2066 879 2179 compendiosa
907 2067 1059 2184 regula.

417 2227 610 2354 Ejmderiz
635 2243 717 2326 vite
742 2239 1043 2327 matrimonialis
1065 2238 1203 2358 regula
1221 2239 1354 2328 brevis

482 2370 534 2459 ad
551 2371 748 2465 iacobum
766 2371 817 2459 de
838 2376 1107 2493 Borgiannis,
1129 2401 1207 2460 etc.
1228 2377 1356 2488 In·4⁰.

525 2565 658 2661 Absque
679 2564 758 2637 nori
780 2567 856 2638 anni
882 2587 916 2639 et
933 2568 1023 2655 loei3
1047 2567 1104 2639 sed
1132 2567 1255 2641 uidetur
1277 2568 1356 2639 Ftoa

410 2683 419 2695 ‘
475 2684 584 2757 rentiae
607 2683 748 2777 impress.
769 2685 853 2755 circa
886 2710 990 2777 1490.
1018 2685 1193 2755 Character
1217 2706 1263 2755 est
1290 2687 1354 2756 ele·

473 2814 550 2899 gans
567 2827 604 2874 ac
621 2801 799 2897 quadratus.
824 2784 928 2871 Prima
943 2826 1015 2897 pars
1034 2799 1146 2902 desinit
1161 2827 1234 2874 curn
1251 2803 1354 2897 signa-

412 2939 425 3015 ζ’
455 2919 545 2995 ‘turs
565 2946 580 2989 ι
601 2943 646 3011 4,
667 2937 700 2990 et
724 2918 820 2990 altera
845 2920 926 2990 folio
952 2938 1042 2990 recto
1067 2918 1181 2991 desinit
1204 2945 1277 2991 cunr
1304 2920 1353 2991 his

391 3067 393 3072 ’
474 3036 579 3109 verbis
593 3038 698 3127 :finis
723 3039 842 3135 gratias
868 3040 922 3107 deo
947 3060 978 3106 er
997 3040 1126 3133 gloriose
1147 3064 1262 3131 semper
1286 3040 1353 3110 vir-

425 3174 446 3240 s
471 3158 540 3254 gini
564 3156 684 3244 marie,
712 3172 746 3227 et
769 3154 951 3227 terminatur
972 3180 1046 3228 curn
1071 3152 1227 3253 signaturis
1249 3156 1269 3226 Is
1291 3179 1327 3250 4.

431 3378 477 3469 ις
508 3350 630 3438 Liber
656 3356 726 3479 qui
740 3350 898 3439 dicitur
921 3380 1077 3440 corona
1102 3354 1231 3437 Beatae
1258 3354 1350 3440 Vir-

405 3517 408 3524 ·
454 3589 458 3599 .
478 3491 586 3602 ginis
613 3485 806 3598 disposita
831 3490 875 3569 in
899 3488 1069 3575 formam
1091 3490 1352 3572 concionum.

417 3699 421 3705 .
480 3622 532 3704 In
546 3664 564 3685 ·
578 3616 650 3709 foi·

520 3789 695 3860 Character
718 3788 873 3883 gothicus.
900 3787 988 3861 Folia
1005 3788 1164 3888 signantur
1185 3809 1217 3863 et
1235 3815 1351 3864 nurne-

474 3902 845 4000 rantur'CLXXXVII.
933 3976 936 3983 .
1025 3901 1029 3908 ’
