3259 5075
251 579 253 583 p
358 481 405 559 eo
626 473 1015 549 nranrstrn

335 713 338 716 ,
387 632 589 741 ,Ianuarii
612 665 759 750 sumptu
782 635 1005 745 ersimpensci
1030 628 1224 742 Dyont'sir‘
1242 632 1288 716 de

296 852 300 859 .
409 768 633 855 Berrltoclzis
659 770 702 850 a¹e
728 767 924 850 Bononia.
953 760 1105 848 In·fol.
1136 765 1251 878 goth.
1360 822 1364 828 ·

276 1007 279 1013 ·
357 1009 410 1094 14
434 981 601 1064 Martini
618 974 773 1060 'Poloni
798 1001 1001 1060 sermones
1028 973 1078 1060 de
1104 999 1287 1083 ternpore
1376 958 1379 963 ⁴

191 1149 197 1162 ·
251 1221 258 1236 ·
293 1134 296 1140 ’
408 1138 450 1197 et
475 1113 629 1196 Sanctis
660 1103 750 1194 cu‘m
780 1113 1053 1220 promptuario
1082 1103 1286 1220 exemplo-

409 1271 510 1330 rum.
522 1244 638 1358 Impr.
648 1244 869 1382 Argentinae
886 1237 1137 1354 (Gruninger)
1162 1243 1285 1436 1484.
1337 1342 1340 1350 Ι

406 1380 476 1462 In·
479 1375 551 1461 fot.
577 1406 632 1460 m.
659 1405 691 1459 r.

413 1595 417 1602 ·
420 1563 548 1637 Caret
570 1553 754 1660 signaturis,
778 1564 917 1636 numeris
939 1580 972 1636 et
992 1560 1193 1646 custodibus.
1216 1585 1218 1590 ·

357 1791 375 1849 1
384 1788 404 1876 5
423 1764 633 1849 Sermones
646 1764 765 1848 Socci
778 1711 828 1848 de
842 1764 1012 1848 Sanctis
1028 1767 1096 1848 In·
1098 1729 1170 1848 fol.
1181 1791 1235 1866 nr.
1249 1793 1283 1847 r.

340 1969 341 1973 ’
449 1957 484 2025 ln
506 1957 568 2027 fine
592 1957 708 2028 habet:
730 1959 819 2070 impr.
837 1961 979 2054 aragaci
999 1950 1065 2028 viro
1083 1958 1227 2058 Iohanne
1249 1958 1285 2024 de

403 2074 616 2170 Gruningen
605 2102 640 2144 en
657 2079 762 2179 inolita
780 2079 1001 2206 Argentinensi
1019 2078 1136 2145 cavitate
1156 2078 1284 2169 diligen·
1295 2137 1296 2140 ,

348 2263 351 2266 ,
382 2215 444 2268 4Δεῖ
467 2219 553 2261 anno
580 2198 685 2284 1484.
710 2195 798 2264 Ydus
820 2195 933 2264 mensis
955 2197 1088 2286 Aprilis.

447 2367 505 2439 De
521 2369 632 2464 insigni
644 2371 767 2441 raritate
783 2366 875 2460 hujus
894 2367 1040 2440 editio'nis
1057 2367 1132 2438 vide
1148 2369 1284 2463 Freytag

399 2493 538 2558 analecta
555 2476 641 2560 litter.
653 2514 730 2584 pag.
752 2486 819 2585 873
833 2543 845 2576 ,
858 2511 893 2583 ¹et
908 2489 1118 2583 repetentibus,
1137 2485 1191 2558 ubi
1209 2510 1300 2557 auc·.

400 2606 476 2676 toris
504 2630 624 2701 nomen
654 2606 858 2700 investigatur
886 2626 918 2675 et
953 2607 1108 2676 volumen
1135 2603 1285 2676 describi-

361 2737 364 2745 “
399 2742 460 2795 tur.
486 2721 626 2793 Tantam
646 2747 713 2792 esse
733 2720 825 2807 huius
848 2724 1005 2793 raritatem
1022 2722 1135 2816 dicitur
1153 2726 1283 2819 catalog.

399 2842 544 2912 Bibliotlz.
564 2843 747 2929 Reimnzan,
759 2840 860 2915 Tom.
876 2842 998 2938 ptim0‚
1011 2867 1082 2937 pag.
1101 2840 1187 2931 148,
1198 2864 1282 2910 utex

398 2960 532 3028 millibus
549 2960 611 3027 vix‘
627 2985 708 3028 unus
728 2958 900 3058 reperiaror.
924 2959 1099 3032 Character
1114 2960 1282 3056 gothicus,
1316 3049 1319 3057 Ι

399 3100 474 3148 cum
496 3076 680 3170 signaturis,
703 3098 764 3151 etc.

237 3331 238 3335 κ
354 3276 407 3360 16
430 3273 549 3364 Joan.
580 3274 769 3364 Tortellii
796 3279 958 3364 Aretini
992 3269 1287 3365 commentaria

370 3453 373 3461 ·
404 3415 659 3524 grammatica
675 3410 725 3496 de
740 3412 1040 3529 orthographia.
1058 3411 1175 3526 Impr.
1194 3411 1278 3494 Ve-

394 3541 765 3629 netiisHetmannus
776 3542 1030 3628 Lichtenstein
1043 3542 1280 3650 coloniensis

397 3671 523 3779 pridie
546 3663 639 3755 Idus
661 3674 891 3758 Novembris
920 3683 1039 3790 1484.
1071 3680 1138 3760 In·
1138 3667 1213 3758 fol.

1090 3854 1138 3935 17
1157 3825 1183 3916 J
1185 3851 1279 3911 oan
