3259 5075
575 541 808 622 ·ANNO
862 573 965 647 1492.
1175 580 1239 652 177

367 710 504 780 omniurn
520 706 763 776 Christianorum
777 733 880 802 regna.
898 709 966 799 Ipsi
978 710 1107 781 servient
1114 717 1241 805 populi,

366 853 434 896 erem
456 830 582 896 adorent
601 827 696 895 tribus
716 818 802 916 quem
823 827 966 898 dominus
983 826 1060 916 fecit
1082 833 1241 900 lominum

359 939 499 1034 frenum
521 966 647 1015 suorum
665 965 699 1013 ut
717 946 911 1014 incurventur
925 965 997 1014 arm
1013 971 1080 1016 eurrr
1092 949 1159 1038 filii
1174 977 1242 1019 me·
1327 983 1330 987 ’

284 1087 287 1091 ’
366 1065 421 1133 tris
444 1064 592 1151 musra,
611 1080 673 1133 etc.
1164 1053 1168 1060 ¹

414 1168 548 1251 Deinde
574 1197 684 1252 auctor
712 1178 759 1250 sui
792 1181 896 1274 operis
931 1183 1267 1259 commendationem.

367 1298 561 1393 suscipiens‚‘
590 1294 654 1386 jam
685 1322 758 1367 cum
791 1298 846 1368 illo
878 1297 983 1371 Sancti
1010 1302 1242 1383 Bonaventurae

366 1416 572 1506 assimilatur,
596 1434 628 1486 et
655 1417 724 1486 ait:
747 1417 801 1484 leue
820 1421 999 1507 psalterium
1028 1445 1142 1491 novum
1171 1407 1244 1490 Vir·

320 1550 321 1554 ’
342 1599 344 1605 ,
363 1537 479 1632 ginis,
505 1556 631 1605 merrtem
644 1544 652 1554 '
666 1535 826 1622 vivificat,
857 1537 1070 1605 conscientiam
1096 1562 1243 1633 purgat,

266 1734 268 1737 v
366 1657 468 1724 oculos
492 1655 674 1741 illuminat,
697 1675 824 1722 mentem
846 1655 1033 1741 extimeat,
1050 1657 1264 1724 tentationem-

367 1774 509 1870 mitigat,
534 1774 719 1842 devotionem
740 1791 854 1866 auget,
875 1775 997 1842 renium
1026 1775 1106 1859 dur,
1129 1777 1244 1844 demo-

323 1954 325 1960 .
366 1903 420 1960 nes
435 1889 557 1988 fugat,
580 1891 687 1958 Deum
701 1893 832 1980 placat,
858 1878 983 1960 animas
1007 1872 1139 1982 liberat,
1167 1895 1244 1961 An-

337 2017 339 2021 ’
363 2017 447 2106 gelos
478 2010 652 2078 dominibus
684 2011 810 2096 socier,
841 1998 957 2079 celestis·
990 2010 1087 2079 Curua
1126 2014 1244 2106 gaudia

360 2148 490 2219 prestat
503 2148 542 2226 et
561 2148 687 2196 mentem
710 2129 744 2195 in
766 2127 899 2195 adversis
919 2127 1061 2216 vivificat.

323 2249 334 2288 ’-
415 2244 490 2314 Pars
512 2242 592 2314 verd
614 2241 754 2320 secunda
769 2246 949 2334 psalterium
968 2245 1112 2314 continet
1131 2263 1163 2315 et
1183 2245 1244 2315 lra-

248 2431 262 2448 ,
367 2364 421 2433 bet
447 2385 495 2456 90
517 2362 617 2450 folia,
642 2387 778 2457 quorum
801 2385 914 2430 omnes
939 2361 1006 2433 ferd
1033 2363 1154 2457 paginae
1176 2364 1243 2432 his-

367 2483 481 2554 toriam
510 2480 637 2575 virginis
666 2479 807 2568 Mariae,
837 2475 966 2573 eiusque
998 2479 1050 2548 filii
1080 2481 1112 2550 in
1139 2481 1243 2575 figuris

362 2600 455 2696 ligno
478 2599 548 2671 satis
572 2599 730 2695 eleganter
752 2598 854 2668 incisis
876 2604 1131 2691 representatur,
1145 2599 1187 2668 ita
1208 2619 1243 2671 ut

367 2743 491 2813 semper
513 2716 553 2789 ad
572 2717 687 2788 laevarn
708 2735 741 2787 et
762 2713 922 2787 dexteram
943 2714 1144 2809 respiciantur
1166 2716 1241 2789 Fre-

365 2836 487 2907 dericus
512 2855 544 2906 et
568 2834 801 2913 Maximjlianus
820 2853 970 2931 tanquam
991 2833 1194 2906 admiratores
1210 2854 1243 2907 et

368 2954 562 3027 adoratores.
589 2951 794 3034 Terminatur
817 2955 970 3023 volumen
999 2954 1130 3049 registro
1160 2980 1240 3051 qua-

367 3072 546 3144 ternionum
569 3097 629 3166 pro
656 3072 827 3166 imaginum
852 3070 1067 3166 dispositione.
1096 3064 1239 3169 Signatur

368 3192 408 3261 ab
429 3218 450 3259 a
473 3186 512 3261 ad
534 3190 627 3278 liij·,
647 3210 679 3263 et
699 3187 860 3263 character
883 3209 930 3261 est
951 3176 1107 3287 gothicus.
1160 3255 1166 3264 .

381 3363 383 3367 ’
414 3328 511 3424 Opus
530 3327 611 3397 ¹illud
639 3328 716 3397 vere
737 3328 921 3423 egregium,
951 3340 1011 3397 nec
1043 3326 1106 3397 huc
1140 3354 1239 3425 usque

312 3530 316 3535 f
367 3443 542 3544 tognitum.
562 3445 725 3516 Varietate
739 3471 775 3515 ac
792 3445 963 3541 quantitate
979 3444 1147 3539 figurarum
1163 3447 1240 3518 vere
1292 3532 1295 3537 ι
1341 3516 1343 3519 r

347 3566 489 3660 regium
512 3581 649 3632 meretur
671 3561 842 3657 appellari:
865 3560 980 3641 mirum
1004 3558 1241 3655 ergdnonest

368 3680 444 3753 illud
464 3682 582 3752 factum
603 3679 696 3754 fuisse
715 3677 888 3774 sumptibus
913 3660 1108 3771 imperatoris
1132 3697 1165 3751 et
1186 3681 1243 3751 he·

323 3877 324 3880 ¹
368 3799 433 3871 rois
456 3798 589 3870 fabulosi
612 3796 652 3869 de
681 3796 912 3883 Temerdanelr,
934 3788 1121 3889 ampliorem
1141 3787 1249 3870 mete-⁵
1299 3890 1301 3895 .
1379 3886 1381 3888 Ι

399 3901 517 4025 timo
532 3917 586 4006 ru
1018 3972 1021 3978 .
1074 3914 1113 3984 M
