3259 5075
561 681 935 776 ANN01nn
1168 713 1201 785 μ

376 861 412 931 In
434 861 497 932 fine
519 862 651 958 legitur:
675 885 811 931 accurate
834 866 1015 960 castigatum
1038 893 1075 936 ac
1095 871 1208 960 impin

331 984 465 1051 Antonii
475 983 638 1079 Koburger
653 984 855 1078 Nurembergc
868 985 1047 1075 impressum
1065 989 1121 1055 III
1134 992 1207 1058 Idus

331 1102 464 1196 Augusti
491 1125 737 1172 consummatum
766 1128 853 1173 anno
880 1105 990 1172 salutis
1018 1104 1133 1194 ipiane
1160 1108 1207 1181 M.

331 1216 463 1292 CCCC.
495 1219 657 1294 LXXXI.
687 1223 774 1292 Laus
807 1223 892 1295 Deo.
925 1219 1030 1291 Editio
1061 1223 1208 1296 secunda.

330 1334 451 1410 Eadem
472 1355 557 1409 extat
579 1339 611 1408 in
632 1339 791 1434 principio
814 1344 942 1432 epistola
964 1344 1153 1440 Squarzafici
1168 1346 1214 1413 ad

332 1456 512 1547 Plotinam,
535 1482 572 1529 ac
601 1459 635 1528 in
662 1458 803 1530 editione
828 1457 957 1530 Veneti
983 1464 1062 1528 anni
1093 1485 1210 1559 14793

211 1574 215 1583 '
333 1594 463 1671 excepto
475 1577 563 1673 quod
575 1577 606 1646 in
620 1575 677 1666 ed,
698 1577 775 1649 loco
793 1577 931 1648 nominis
948 1577 1041 1649 Joan.
1056 1577 1095 1648 de
1108 1578 1210 1649 Colo-

334 1691 381 1763 nid
394 1693 606 1792 Typographi
615 1750 627 1782 ,
647 1695 768 1790 legatur
790 1694 883 1767 illud:
900 1698 1025 1766 Anton.
1042 1696 1211 1792 Koburger.

377 1811 551 1886 Character
573 1815 744 1911 gothicus,
769 1834 801 1886 et
824 1835 911 1886 caret
931 1814 1105 1911 signaturis.

291 2052 338 2138 29
359 2028 587 2118 Psalteriurn
608 2033 962 2118 Graeco-Latinum
997 2049 1088 2118 cu‘m
1113 2059 1212 2144 prae·

339 2163 487 2267 satione
509 2167 678 2257 Joannis
707 2164 945 2250 Placentini.
973 2163 1113 2251 insol.

375 2356 411 2428 In
433 2357 496 2428 fine
516 2357 656 2454 legitur:
679 2361 859 2450 impressum
881 2356 1055 2426 Mediolani
1077 2359 1214 2444 impensa

334 2470 529 2548 Bonaccursii
560 2479 674 2547 Pisani
707 2501 794 2546 anno
831 2473 955 2563 1481,
985 2477 1032 2542 die
1067 2494 1111 2541 20
1139 2475 1214 2561 Sep-

335 2596 459 2666 tembris,
490 2593 684 2681 Subscriptio
713 2597 784 2666 haec
810 2591 896 2681 'ergd
924 2591 1078 2681 discrepat
1107 2588 1147 2658 ab
1176 2586 1216 2659 ed

335 2705 566 2802 Bibliograplziae
582 2708 695 2790 insen,
719 2724 752 2774 et
770 2729 810 2775 ex
833 2728 950 2799 genere
969 2705 1048 2775 illins
1068 2704 1214 2779 Biblioth.

335 2825 443 2894 Pinelli
459 2824 520 2897 ΝΟ.
546 2847 605 2915 40.
627 2821 780 2894 Tractavi
802 2847 900 2895 unum
922 2822 1007 2918 apud
1030 2822 1214 2920 Capucinos

231 3032 238 3047 ι
336 2943 565 3034 Veronenses‚
592 2944 625 3011 in
656 2939 744 3033 cujus
778 2942 842 3013 fine
882 2942 1009 3013 extabat
1044 2942 1215 3034 Theocritus

241 3100 251 3114 ·
336 3062 479 3159 Graece,
506 3088 546 3134 ex
578 3060 694 3133 eodem
724 3060 917 3134 charactere.
950 3061 1035 3132 Vide
1062 3064 1211 3159 Bibliogr.

337 3182 420 3254 instr.
456 3182 554 3253 Tamo
576 3183 709 3275 prim0,
741 3179 802 3254 N0.
838 3178 917 3270 18,
951 3197 984 3251 et
1012 3180 1042 3250 la
1072 3180 1211 3253 Valliere

221 3335 225 3349 ·
337 3297 395 3371 No.
420 3324 478 3391 24.

296 3523 345 3605 30
369 3500 556 3586 Rosarius
581 3525 650 3586 seu
670 3492 964 3584 concordantia
984 3492 1050 3580 vel
1069 3495 1209 3583 reduc·

346 3638 401 3717 tio
429 3630 741 3719 discordantium
769 3658 974 3716 canonum
1008 3629 1211 3716 Gnidonis

314 3791 317 3798 ’
346 3763 393 3848 de
420 3768 561 3877 Baffo,
597 3795 647 3851 ex
680 3765 859 3851 editione
892 3762 929 3848 F
932 3791 1041 3849 tanc.
1078 3762 1211 3849 Mole-

348 3901 504 3987 niensis.
539 3900 588 3990 V
582 3900 711 3983 enetiis
724 3970 726 3978 ,
731 3931 804 4013 per
830 3894 946 3983 Joon.
980 3897 1147 3981 Harbort
1170 3896 1214 3976 de

999 4023 1066 4113 nn
