3259 5075
421 666 494 745 234
689 641 897 719 LIBRI
946 631 1079 717 SUB

418 814 449 899 4
476 784 750 872 Auctoritates
775 811 844 868 seu
873 789 1166 895 reportationes
1192 813 1350 900 marga-

473 924 637 1008 titatum
656 922 838 1002 omnium
855 914 1110 1037 decretalium
1128 917 1349 1005 secundnm

474 1051 658 1137 ordinem
679 1049 985 1163 alphabeticum.
1014 1056 1154 1155 In-40.

514 1221 748 1297 Praemittuntur
761 1249 871 1296 versus
886 1223 1057 1296 Sebastiam
1069 1226 1167 1295 Brant
1183 1223 1224 1296 ad
1240 1222 1347 1294 mco-

360 1357 362 1362 ’
422 1378 425 1383 <
462 1341 550 1412 laum
559 1340 675 1414 Keslet
686 1344 791 1415 civem
800 1343 1013 1415 Basileensem
1024 1370 1061 1416 ac
1069 1342 1351 1442 Typogtaphum;

419 1520 426 1532 .
459 1477 497 1558 ¹et
512 1461 544 1531 in
564 1461 627 1534 fine
647 1482 720 1535 sunt
738 1463 869 1559 insignia
886 1459 979 1553 hujus
994 1462 1220 1561 Typographi.
1230 1459 1348 1565 „Editio

404 1569 413 1663 ζ
465 1576 590 1652 videtur
612 1581 769 1676 pertinere
792 1580 834 1652 ad
855 1605 975 1652 annum
997 1582 1119 1653 circiter
1145 1582 1251 1675 1496.

413 1754 480 1839 De
504 1779 633 1861 ortu,
661 1760 972 1842 conversatione
1000 1782 1041 1840 et
1068 1755 1280 1872 virtutibos
1308 1780 1349 1837 et

470 1892 661 1998 martyrio
686 1889 842 1985 Sanc'tae
871 1887 1096 1972 Catherinae
1122 1915 1348 1974 sermonem

469 2018 565 2104 fecit
580 2025 804 2133 imprimere
815 2025 858 2105 in
868 2019 1043 2132 Spirensi
1055 2027 1216 2111 civitate
1235 2048 1347 2104 anno

475 2176 613 2270 1503,
640 2183 717 2242 etc.

411 2344 507 2436 Joh.
545 2348 757 2433 Trithemii
797 2349 891 2437 abb.
930 2275 1144 2463 Spanheim
1178 2346 1347 2464 legenda
1465 2307 1467 2309 Ι

415 2521 420 2529 ’
468 2486 725 2589 sanctissimae
749 2504 944 2571 matronae
969 2482 1107 2571 iinnae
1128 2485 1347 2568 Genitricis

467 2618 636 2729 virginis
661 2618 803 2699 Mariae
832 2624 968 2703 matris
1000 2644 1041 2701 et
1069 2619 1164 2705 Jesu
1194 2615 1347 2698 Christi

366 2737 370 2745 ⁵
466 2752 579 2832 aviae.
598 2746 824 2860 Impressum
843 2748 1000 2861 Lypsiae
1011 2780 1085 2861 per
1099 2744 1344 2831 Melclziorem

465 2876 598 2960 Lotter
628 2911 726 2961 anno
756 2877 823 2961 oizi
850 2884 914 2963 Μ.
949 2879 1104 2964 CCCC
1141 2876 1342 2964 XCVIII.

465 3005 584 3094 XVI
599 3043 687 3093 vero
714 3008 891 3094 Octobris
918 3010 1134 3094 Kalendas.
1164 3012 1300 3121 In·4⁰.

467 3199 470 3204 '
504 3177 608 3271 Hujus
624 3181 766 3254 meminit
782 3182 865 3253 Seitz
878 3184 911 3252 in
926 3187 1037 3256 annal.
1054 3184 1172 3278 Typog.
1186 3183 1340 3274 Lipsiens.
1449 3180 1453 3187 ’

451 3326 528 3397 pag.
553 3304 623 3395 69,
646 3301 701 3373 ubi
718 3296 805 3398 vopus
828 3301 1009 3374 Trithemio
1031 3302 1145 3374 etiama
1166 3299 1340 3371 dscr'tbitur.

409 3519 434 3609 ς
459 3500 574 3586 Lucii
594 3498 781 3598 Bellantii
798 3502 988 3586 Senensis
1011 3501 1153 3613 phisici
1173 3495 1273 3582 liber
1291 3494 1341 3581 de

414 3677 417 3682 ·
464 3631 710 3748 astrologicb
736 3619 902 3720 veritate
920 3661 959 3718 et
983 3639 1026 3715 in
1049 3630 1339 3743 disputationes

465 3763 585 3853 Joan.
608 3764 693 3849 Pici
717 3767 907 3853 adversus
926 3762 1155 3883 astrologos
1174 3793 1342 3878 respon-

464 3901 613 3983 siones.
635 3897 777 3994 masor.
