3259 5075
576 639 668 724 ᾹΝ
693 652 727 724 Ν
752 650 788 724 O
842 654 946 749 1496.
1158 596 1230 758 ”i

354 808 596 894 Franciscum
618 809 948 896 Bonoccursium
933 842 1102 924 impensa
1086 810 1229 897 Petri

351 942 515 1026 Poscini
542 943 605 1025 de
615 944 751 1028 Piseio
785 948 922 1073 1496,
946 946 1102 1057 septimo
1135 943 1229 1029 Idus

346 1076 512 1189 Aprilis.
543 1078 676 1190 ΙΙΙ-04.

301 1291 348 1349 12
375 1266 540 1351 Luciani
563 1295 699 1379 opera.
730 1265 851 1380 Impr.
869 1266 1078 1358 Florentiae
1107 1269 1227 1384 1496.

295 1502 299 1506 Ι
351 1397 501 1484 In-fol.
527 1397 683 1485 Graeci.

388 1589 575 1665 immediati
599 1610 701 1664 textus
719 1587 828 1686 incipit
847 1615 923 1663 curn
944 1588 1102 1688 signatuti
1118 1592 1178 1683 A,
1195 1611 1245 1669 et‘

342 1708 527 1795 terminatur
548 1735 623 1781 curn
642 1710 674 1785 k.
718 1792 721 1796 .
1241 1695 1244 1698 ⁷

388 1825 528 1898 Eumo
566 1845 785 1916 Pinnem,
817 1847 850 1899 et
886 1828 1049 1925 exemplar
1085 1830 1228 1926 elegans}

338 1942 433 2016 Hanc
452 1945 533 2017 veri>
551 1945 704 2042 prodiisse
722 1972 762 2018 ex
780 1944 909 2018 officinis
921 1945 1086 2020 Juntarum
1101 1949 1227 2021 invictis

339 2065 529 2160 argumentis
549 2067 664 2161 prohat
683 2066 801 2141 clariss.
824 2059 928 2143 Mario
950 2066 1084 2137 Bandini
1109 2067 1142 2137 in
1166 2069 1227 2136 Bi·

338 2183 484 2253 bliorheea
506 2209 562 2256 seu
588 2185 668 2256 serie
689 2185 843 2256 librorum
866 2209 949 2279 quos
972 2183 1013 2254 ad
1037 2210 1155 2256 annum
1175 2211 1228 2257 us·

338 2326 401 2396 que
433 2324 496 2400 153
480 2325 526 2397 30
556 2303 718 2398 publici
709 2302 783 2393 luris
820 2301 895 2373 fecit
931 2302 1063 2373 celebris
1096 2300 1226 2375 officina

337 2418 502 2490 Juntarum
525 2447 597 2516 quae
621 2421 679 2492 sub
704 2419 830 2490 brevi
822 2445 855 2490 m
880 2420 987 2493 lucem
1014 2417 1151 2493 editurus
1178 2439 1228 2492 est

337 2563 399 2634 pro
425 2538 635 2612 litteratorum
660 2536 801 2610 utilitate.

293 2762 337 2846 13
362 2735 523 2822 Nicolai
539 2737 696 2823 Perroti
713 2738 1004 2852 Cornucopia,
1027 2767 1096 2823 seu
1110 2749 1223 2823 com·

342 2898 511 2957 mentar.
543 2870 693 2988 linguae
722 2872 891 2957 Latinae.
927 2872 1099 2959 Veneriis
1125 2869 1221 2958 soh.

343 3002 388 3084 de
431 3003 588 3088 Tridino
622 3007 721 3088 alius
762 3003 952 3087 Tacuinus
991 3006 1136 3118 1496,
1162 3004 1224 3087 die

342 3133 437 3221 XX
459 3135 698 3222 Decembris.
726 3134 878 3223 In-fol.
905 3167 960 3222 m.
989 3166 1021 3220 r.

290 3372 343 3459 14
369 3346 590 3433 Petrarchae
617 3376 741 3460 opera
764 3373 854 3470 quse
881 3345 1023 3431 Latini
1046 3350 1222 3457 scripsit.

341 3476 459 3594 Impr.
496 3479 663 3564 Basilece
688 3511 761 3594 per
785 3480 953 3596 magistr.
989 3475 1134 3564 Joonn.
1177 3479 1223 3561 de

342 3610 555 3696 Amerbaclr
592 3644 692 3697 anno
731 3643 911 3727 nonages.
957 3638 1066 3693 sexto
1107 3642 1223 3725 supro

344 3742 580 3829 millesimum
631 3774 827 3859 quaterque
878 3772 914 3829 et
970 3743 1223 3832 centesimum·

342 3873 489 3964 In·fol.

987 4026 1023 4097 0
1040 4026 1074 4099 iv
1146 4068 1149 4072 -
