3259 5075
511 522 1021 649 ADANNQM1490.
1087 490 1092 500 ·
1205 567 1222 634 3
1271 481 1368 566 Ἴ

299 726 330 801 4
377 698 511 782 Sancti
569 697 860 782 Bonaventurae
920 693 1225 809 centiloquium.

332 831 511 929 :In-4⁰.

284 1072 287 1078 .
398 1019 435 1088 In
461 1018 522 1088 fine
546 1017 679 1113 legitur:
703 1020 825 1111 explicit
845 1021 902 1088 diti
921 1021 1146 1092 Bonaventurae
1163 1047 1229 1090 cen·

348 1139 510 1230 tiloquium
536 1161 612 1228 opus
638 1139 769 1231 futile,
795 1139 917 1208 Zuollis
944 1141 1123 1229 impressum
1156 1140 1227 1206 Deo
1291 1144 1293 1146 ’

342 1262 437 1352 greis.
1015 1331 1017 1335 ,

399 1371 511 1468 Operi·
520 1372 716 1468 premittitur
741 1371 846 1443 index.
876 1371 1001 1468 Paginae
1023 1399 1096 1444 sunt
1124 1398 1168 1470 27
1192 1375 1227 1444 li·

345 1516 492 1563 neatum.
527 1490 700 1591 Signatum?
730 1489 973 1580 desiderantur,
1002 1510 1034 1561 et
1066 1491 1227 1562 character

349 1608 486 1685 omnino
520 1607 604 1709 idem
637 1627 684 1679 est
720 1633 757 1679 ac
791 1609 844 1678 ille
880 1634 1053 1678 sermonum
1093 1611 1227 1701 impress.

345 1728 472 1800 Zvollis
497 1752 581 1795 anno
615 1750 717 1822 1479.
835 1728 836 1732 ’
870 1739 876 1750 ‘

398 1864 495 1936 Hunc
522 1866 705 1960 ignorarunt
728 1863 885 1935 Maittaire
910 1886 941 1935 et
966 1861 1082 1938 Denis.

290 2091 316 2179 ς
350 2063 548 2187 Demetrii
578 2059 837 2174 Calcondylae
881 2086 1098 2145 erotemata
1134 2065 1229 2163 item
1324 2095 1326 2098 ·

352 2221 397 2279 et
429 2191 689 2306 Moschopuli
709 2189 773 2280 'ac
813 2195 1014 2280 Corinthi.
1062 2188 1228 2293 Iri-fol.

358 2325 505 2413 Graecd.

420 2479 609 2562 Enrrro
635 2458 896 2549 insuetus.
998 2554 1000 2559 ,

397 2672 618 2770 Calcondylas
632 2671 814 2760 terminatur
826 2692 899 2741 cum
913 2643 1232 2763 signamrd13‘Mos

344 2784 508 2889 chopulus
533 2816 607 2892 cum
628 2788 669 2881 ί,
693 2808 725 2860 et
740 2787 929 2885 Cocynthus
946 2809 1020 2859 cum
1038 2818 1079 2861 a.

398 2930 505 3026 Operi
517 2927 713 3024 premittitur
729 2925 843 2996 folium
863 2922 1124 3020 corrigendorum
1145 2952 1231 2999 erra·
1286 3015 1289 3024 ι

345 3071 484 3136 torum,
509 3066 540 3117 et
562 3044 744 3117 terminatur
765 3044 921 3115 volumen
944 3042 1023 3114 folio
1046 3062 1136 3115 recto
1157 3070 1231 3117 cum
1278 3044 1283 3054 '

345 3168 492 3266 quinque
512 3166 611 3235 lineis.
644 3164 769 3261 Paginae
800 3187 868 3233 non
897 3145 1077 3233 dividuntur
1105 3163 1138 3232 in
1171 3189 1232 3235 co·
1315 3237 1317 3240 ,

345 3290 501 3371 lumnas;
526 3284 653 3380 optimae
676 3282 928 3363 conservationis
953 3299 1000 3352 est
1022 3283 1192 3376 exemplar.

396 3422 565 3495 Volumen
589 3422 653 3493 hoc
686 3443 784 3492 unum
811 3439 858 3491 est
888 3442 908 3487 e
941 3417 1100 3488 rarissimis
1132 3418 1234 3515 quinti

340 3540 468 3615 decimi
490 3540 594 3610 saeculi
613 3537 705 3611 libris.
731 3537 813 3634 Duo
831 3536 864 3606 in
883 3534 943 3605 hac
966 3560 1000 3606 re
1022 3534 1151 3605 afferam
1172 3554 1234 3605 tes·

340 3657 497 3735 timonia.
521 3655 700 3744 Mainake,
726 3657 815 3726 Tom.
830 3657 931 3748 primo
945 3681 1023 3750 pag.
1051 3677 1143 3752 753,
1166 3655 1231 3724 ait:

337 3803 450 3856 unum
484 3775 578 3867 hujus
599 3777 772 3849 ‘rarissime
807 3774 947 3845 editionis
980 3777 1134 3863 exemplar
1168 3772 1233 3842 uidi

1013 3886 1084 3979 aa·
