3259 5075
396 500 399 508 ¹
434 564 509 640 '144
638 471 642 493 ·
667 541 755 617 LIB.
779 541 843 614 ΑΒ
869 537 990 614 ΑΝΝ.
1020 536 1135 635 1490‚⁴

432 728 485 820 ss41
506 701 649 788 Musaei
667 696 900 813 opusculum
919 696 968 783 de
984 696 1150 783 Herone
1168 699 1208 783 et
1226 697 1358 784 Lean·
1458 727 1462 735 ·

492 834 567 923 dro
594 832 705 948 quod
737 857 776 919 et
806 836 848 915 in
881 832 1063 915 Latinam
1098 829 1275 947 linguam
1307 829 1359 916 ad

489 967 653 1057 verbum
684 962 917 1049 translatum
945 987 1005 1048 est
1037 962 1181 1048 edente
1214 967 1358 1048 Marco

487 1101 678 1200 Musuro,
705 1121 744 1180 et
766 1085 944 1208 Impress.
972 1095 1141 1180 Veneriis
1156 1094 1260 1208 apud
1277 1096 1356 1178 Al·

461 1298 466 1303 .
488 1228 574 1314 dum
595 1226 720 1340 (circa
752 1223 898 1341 1494.)
918 1226 1061 1341 ,In-4⁰.
1087 1257 1142 1312 m.
1166 1255 1197 1312 t.
1217 1225 1357 1312 Graect}

487 1385 531 1447 et
558 1358 712 1445 Larini.
1026 1380 1030 1393 ·
1141 1378 1143 1383 ·

531 1552 698 1623 Enrrro
722 1566 941 1623 ruinosas
960 1568 992 1621 et
1008 1550 1186 1640 rarissima,
1204 1576 1275 1649 quae
1291 1576 1359 1622 cre-

482 1667 564 1743 ditur
588 1669 727 1766 primurn
761 1686 923 1739 tentamen
951 1669 1239 1766 Typographicum
1274 1667 1362 1741 Aldi.

483 1784 603 1859 Textus
620 1787 752 1858 Graecus
770 1786 906 1881 signatur
926 1811 971 1877 a,
988 1803 1020 1858 et
1035 1785 1162 1857 Latinus
1179 1789 1223 1878 b,
1241 1805 1273 1858 et
1288 1812 1361 1882 per-

482 1904 567 1977 fecte
590 1903 765 1976 conformis
786 1923 834 1980 est
854 1901 1057 1998 descriptioni
1079 1903 1225 1983 exhibitae
1255 1904 1287 1975 in
1310 1932 1360 1975 se·
1432 1914 1433 1920 ’

483 2023 526 2107 rie
547 2025 608 2093 dell
629 2023 757 2119 edizionr'
777 2021 894 2120 Aldine
916 2023 1051 2114 impress.
1080 2023 1116 2091 ira
1141 2023 1220 2093 Pisa
1246 2047 1359 2118 1790,

421 2212 428 2221 ,
477 2166 554 2238 pag.
579 2160 673 2240 257,
696 2157 748 2211 aut
769 2137 913 2211 editionis
934 2138 1095 2211 Patavinae
1121 2135 1261 2229 ejusdem
1284 2142 1359 2213 anni

481 2283 554 2356 pag.
585 2280 664 2359 150.
809 2359 813 2363 .

531 2395 630 2468 Caret
648 2393 830 2468 custodibus
846 2415 878 2467 et
895 2396 1055 2484 numeris,
1073 2394 1128 2469 sed
1143 2396 1239 2469 habet
1258 2396 1361 2492 signa·

483 2532 589 2605 tutas,
615 2530 648 2587 et
674 2540 783 2587 earum
807 2513 981 2612 registrum.
1011 2514 1047 2587 In
1071 2515 1230 2612 principio
1254 2513 1358 2587 termis

482 2634 589 2706 Gtaeci
605 2634 684 2704 sicut
695 2653 727 2705 et
738 2633 840 2704 Latini
852 2651 960 2706 extant
970 2634 1110 2730 tigurinae
1127 2638 1358 2732 quasvignrttrs

418 2766 421 2772 “
483 2750 651 2847 appellant.
722 2771 726 2776 ·

431 2946 487 3028 ‘42
524 2923 737 3010 Cornelius
768 2926 907 3040 Nepos
937 2922 1041 3039 (qui
1068 2903 1210 3012 contra
1235 2922 1357 3010 fidem

487 3041 637 3145 veteris
660 3062 933 3173 inscriptionis
973 3057 1125 3148 Plinius
1148 3082 1225 3177 *aut
1260 3059 1356 3143 Sue·

489 3194 625 3274 tonius
663 3186 915 3302 appellatur)
948 3171 1167 3278 accurstius
1189 3175 1355 3287 'exami-

427 3325 436 3425 j
487 3347 604 3407 natus
634 3346 674 3405 et
700 3321 937 3409 emaculatus
963 3354 1010 3410 ac
1045 3353 1134 3412 cum
1163 3320 1358 3410 dominici

486 3456 715 3541 Machanei'
736 3463 1031 3575 commentariis
1073 3454 1356 3550 disserentibus

487 3588 623 3701 figuris
657 3578 886 3703 insignitus.
918 3590 1048 3701 In·4⁰.
1076 3618 1130 3672 m.
1164 3620 1199 3674 r.

528 3772 617 3848 Talis
636 3793 683 3849 est
704 3775 825 3853 titulus·
843 3775 1019 3852 Character
1043 3795 1090 3852 est
1112 3778 1300 3869 Gothicus,
1323 3799 1356 3852 et

1170 3900 1356 3989 terminatur
