3259 5075
472 608 541 702 m4
714 609 1108 682 ·cou1ces

565 765 681 841 Codex
704 771 925 840 membraneus
950 769 1021 838 XV
1050 766 1171 853 seculi3
1197 790 1237 836 ex
1265 765 1430 840 charac-.

518 906 583 958 tere
606 914 702 984 quem
721 877 842 958 vocant
862 891 957 956 lettres
983 887 1122 954 btltardes
1145 905 1177 955 et
1200 887 1296 953 lettres
1317 905 1402 953 tout·

519 1032 623 1075 neutes
645 1033 682 1074 ert
704 1030 762 1091 οη
785 1023 910 1074 constat
925 1029 972 1093 42
991 1004 1073 1074 foliis
1090 1028 1164 1074 curn
1182 1021 1259 1074 octo
1278 1002 1402 1096 figuris3

519 1122 686 1193 altitudinis
710 1143 846 1218 quatuor
869 1121 1041 1218 pollicum:
1067 1123 1098 1190 in
1123 1120 1255 1192 modum
1283 1120 1402 1215 dialogi

517 1240 669 1311 scribitur.
701 1241 876 1312 Siciliarum
902 1240 974 1311 Rex
996 1240 1136 1311 Renatus
1161 1224 1404 1334 Andegavensis

518 1358 558 1445 ab
582 1358 752 1452 Alphonso
767 1360 880 1446 'victus
907 1379 940 1431 et
963 1384 981 1430 e
1005 1384 1106 1454 regno
1132 1351 1191 1428 suo
1213 1358 1348 1452 pulsus,
1370 1341 1416 1425 in'

517 1474 723 1547 Provinciam
740 1455 885 1566 secessim
901 1476 1005 1573 ibique
1021 1479 1061 1548 ab
1074 1502 1159 1547 anno
1179 1498 1271 1565 1444
1288 1473 1403 1581 arrium

516 1593 671 1666 Patronus
689 1620 726 1666 ac
748 1597 947 1686 litteranrm‚
968 1597 1070 1689 (sicut
1091 1613 1209 1665 norunt
1230 1590 1401 1689 litterati,)

517 1714 650 1806 propriis
678 1715 743 1807 ipse
769 1715 913 1786 manibus
940 1688 1155 1810 depingebat,
1178 1710 1430 1807 opusculisque·

517 1831 579 1898 suis
599 1831 776 1901 miniaturas
803 1831 994 1925 adaptabat,
1017 1845 1053 1902 'et
1075 1830 1297 1928 quidem-tunc
1315 1854 1403 1914 ‘tem-

423 1949 427 1956 '
517 1947 603 2040 poris
625 1950 793 2043 elegantes.
809 1947 926 2038 ‘Hujus
948 1969 1053 2045 autern
1079 1949 1201 2045 generis
1224 1972 1290 2018 esse
1314 1972 1402 2041 prae-

517 2081 622 2135 sentes
650 2066 782 2136 suadent
809 2068 937 2162 propria
968 2067 1042 2138 dicti
1073 2068 1153 2162 regis
1178 2065 1334 2160 insignia,
1362 2089 1402 2134 ac

430 2166 432 2172 ¹
516 2183 638 2278 pictura
667 2197 709 2281 5³.
733 2211 804 2279 quae
827 2187 953 2256 exhibet
978 2187 1110 2282 liguram
1140 2184 1264 2271 castelli?
1279 2184 1315 2250 de
1341 2208 1403 2251 ovo

514 2300 549 2369 in
566 2301 729 2396 Neapoli,
746 2305 777 2372 in
802 2329 868 2399 quo
885 2305 925 2373 ab
943 2304 1113 2400 Alphonso
1134 2305 1278 2373 obsessus
1297 2300 1402 2370 fuerat

499 2418 681 2507 ·Renatus·‚
704 2447 800 2516 quarn
824 2421 1024 2493 obsidionem
1047 2423 1079 2491 in
1101 2422 1161 2491 hac
1184 2420 1278 2507 etiarn
1299 2415 1402 2512 figurd

515 2528 719 2612 adumbrasse
735 2540 870 2612 videtur.
889 2541 1009 2612 Evivis
1026 2541 1117 2637 igitur
1129 2538 1272 2619 nundltm
1289 2561 1403 2607 exces·
1441 2544 1447 2556 '

516 2679 598 2733 serat
617 2658 757 2729 Renatus
782 2684 869 2730 anno
898 2680 1002 2757 1455.

470 2876 522 2958 16
545 2873 691 2958 Felicis
722 2874 929 2961 Hemerlin
959 2872 1208 2987 (Malleoli)
1239 2871 1288 2996 de
1313 2870 1402 2955 bal-

521 3010 607 3135 neis
633 3004 878 3089 naturalibus
912 3006 1014 3117 quid
1039 3005 1289 3092 sentiendum
1318 3003 1402 3087 dis·

522 3162 700 3223 serrano.
913 3223 916 3229 ,
1006 3187 1010 3195 -
1190 3173 1193 3178 ·

520 3328 823 3447 Antidotariuni
850 3327 1027 3415 Nicolai.
1116 3349 1120 3357 '

522 3518 833 3608 Observationes
862 3524 970 3611 Joh.
996 3552 1019 3605 a
1049 3549 1113 3606 sto
1139 3514 1331 3602 Amando
1357 3525 1402 3603 in

480 3680 481 3684 ’
531 3655 546 3688 ⁵
577 3653 738 3739 Nicolai
759 3653 1061 3737 antidotarium.
1090 3648 1232 3745 In-fot.

437 3842 439 3848 ’
516 3930 519 3936 ¹
563 3838 666 3938 Prima
690 3869 762 3937 pars
789 3842 907 3917 codicis
933 3836 1101 3916 chartacea
1129 3861 1180 3916 est
1204 3864 1234 3916 et
1263 3824 1421 3914 secunda
1461 3931 1465 3938 ‘
