<?xml version="1.0" encoding="UTF-8"?>
<!DOCTYPE html PUBLIC "-//W3C//DTD XHTML 1.0 Transitional//EN"
    "http://www.w3.org/TR/xhtml1/DTD/xhtml1-transitional.dtd">
<html xmlns="http://www.w3.org/1999/xhtml" xml:lang="en" lang="en">
 <head>
  <title>
</title>
<meta http-equiv="Content-Type" content="text/html;charset=utf-8" />
  <meta name='ocr-system' content='tesseract 3.04.00' />
  <meta name='ocr-capabilities' content='ocr_page ocr_carea ocr_par ocr_line ocrx_word'/>
</head>
<body>
  <div class='ocr_page' id='page_1' title='image "./indexlibrorumab02lairgoog_0047.png"; bbox 0 0 3259 5075; ppageno 0'>
   <div class='ocr_carea' id='block_1_1' title="bbox 312 554 1409 866">
    <p class='ocr_par' dir='ltr' id='par_1_1' title="bbox 312 554 1409 866">
     <span class='ocr_line' id='line_1_1' title="bbox 599 554 1409 712; baseline 0.01 -36"><span class='ocrx_word' id='word_1_1' title='bbox 599 604 632 675; x_wconf 85' lang='grc' dir='ltr'><strong>Α</strong></span> <span class='ocrx_word' id='word_1_2' title='bbox 655 603 690 678; x_wconf 85' lang='grc' dir='ltr'>Ν</span> <span class='ocrx_word' id='word_1_3' title='bbox 712 604 749 677; x_wconf 84' lang='grc' dir='ltr'>Ν</span> <span class='ocrx_word' id='word_1_4' title='bbox 772 603 809 678; x_wconf 91' lang='grc' dir='ltr'>Ο</span> <span class='ocrx_word' id='word_1_5' title='bbox 864 602 972 699; x_wconf 80' lang='lat'>1481:</span> <span class='ocrx_word' id='word_1_6' title='bbox 1200 624 1251 712; x_wconf 63' lang='lat'>&#39;32</span> <span class='ocrx_word' id='word_1_7' title='bbox 1396 554 1409 574; x_wconf 36' lang='grc' dir='ltr'><strong>ο</strong></span> 
     </span>
     <span class='ocr_line' id='line_1_2' title="bbox 312 760 1044 866; baseline 0.003 -18"><span class='ocrx_word' id='word_1_8' title='bbox 312 779 344 866; x_wconf 84' lang='grc'>’4</span> <span class='ocrx_word' id='word_1_9' title='bbox 372 760 501 848; x_wconf 81' lang='lat' dir='ltr'>Biblia</span> <span class='ocrx_word' id='word_1_10' title='bbox 533 761 652 847; x_wconf 81' lang='lat' dir='ltr'>Sacra</span> <span class='ocrx_word' id='word_1_11' title='bbox 679 766 836 849; x_wconf 83' lang='lat' dir='ltr'>Latina.</span> <span class='ocrx_word' id='word_1_12' title='bbox 869 769 920 849; x_wconf 94' lang='lat' dir='ltr'>In</span> <span class='ocrx_word' id='word_1_13' title='bbox 933 761 1044 850; x_wconf 78' lang='lat' dir='ltr'>-fot</span> 
     </span>
    </p>
   </div>
   <div class='ocr_carea' id='block_1_2' title="bbox 360 954 1251 1290">
    <p class='ocr_par' dir='ltr' id='par_1_2' title="bbox 360 954 1251 1290">
     <span class='ocr_line' id='line_1_3' title="bbox 410 954 1251 1052; baseline 0.008 -27"><span class='ocrx_word' id='word_1_14' title='bbox 410 956 447 1025; x_wconf 87' lang='lat' dir='ltr'>ln</span> <span class='ocrx_word' id='word_1_15' title='bbox 467 956 530 1026; x_wconf 90' lang='lat' dir='ltr'>fine</span> <span class='ocrx_word' id='word_1_16' title='bbox 553 954 687 1052; x_wconf 87' lang='lat' dir='ltr'>legitur:</span> <span class='ocrx_word' id='word_1_17' title='bbox 710 959 834 1048; x_wconf 69' lang='lat' dir='ltr'>explicit</span> <span class='ocrx_word' id='word_1_18' title='bbox 853 957 960 1026; x_wconf 85' lang='lat' dir='ltr'>Biblia</span> <span class='ocrx_word' id='word_1_19' title='bbox 981 960 1128 1048; x_wconf 73' lang='lat' dir='ltr'>inpressa</span> <span class='ocrx_word' id='word_1_20' title='bbox 1151 960 1251 1032; x_wconf 56' lang='lat' dir='ltr'>Venti</span> 
     </span>
     <span class='ocr_line' id='line_1_4' title="bbox 360 1073 1250 1166; baseline 0.007 -22"><span class='ocrx_word' id='word_1_21' title='bbox 360 1075 414 1144; x_wconf 85' lang='lat' dir='ltr'>riis</span> <span class='ocrx_word' id='word_1_22' title='bbox 422 1101 482 1166; x_wconf 79' lang='lat' dir='ltr'>per</span> <span class='ocrx_word' id='word_1_23' title='bbox 496 1076 692 1144; x_wconf 70' lang='lat' dir='ltr'>bonardum</span> <span class='ocrx_word' id='word_1_24' title='bbox 706 1077 794 1145; x_wconf 78' lang='lat' dir='ltr'>Wild</span> <span class='ocrx_word' id='word_1_25' title='bbox 801 1079 837 1144; x_wconf 78' lang='lat' dir='ltr'>de</span> <span class='ocrx_word' id='word_1_26' title='bbox 855 1076 1034 1144; x_wconf 83' lang='lat' dir='ltr'>Ratisborra</span> <span class='ocrx_word' id='word_1_27' title='bbox 1046 1075 1095 1147; x_wconf 89' lang='lat' dir='ltr'>M.</span> <span class='ocrx_word' id='word_1_28' title='bbox 1108 1073 1250 1150; x_wconf 72' lang='lat' dir='ltr'>CCCC</span> 
     </span>
     <span class='ocr_line' id='line_1_5' title="bbox 364 1191 1249 1290; baseline 0.001 -28"><span class='ocrx_word' id='word_1_29' title='bbox 364 1191 528 1265; x_wconf 82' lang='lat' dir='ltr'>LXXXI.</span> <span class='ocrx_word' id='word_1_30' title='bbox 560 1192 736 1266; x_wconf 80' lang='lat' dir='ltr'>Character</span> <span class='ocrx_word' id='word_1_31' title='bbox 763 1193 942 1290; x_wconf 86' lang='lat' dir='ltr'>gothicus,</span> <span class='ocrx_word' id='word_1_32' title='bbox 975 1218 1051 1265; x_wconf 86' lang='lat' dir='ltr'>cum</span> <span class='ocrx_word' id='word_1_33' title='bbox 1075 1193 1189 1289; x_wconf 79' lang='lat' dir='ltr'>signat.</span> <span class='ocrx_word' id='word_1_34' title='bbox 1214 1212 1249 1264; x_wconf 87' lang='lat' dir='ltr'>er</span> 
     </span>
    </p>
   </div>
   <div class='ocr_carea' id='block_1_3' title="bbox 311 1331 1246 1599">
    <p class='ocr_par' dir='ltr' id='par_1_3' title="bbox 311 1331 1246 1599">
     <span class='ocr_line' id='line_1_6' title="bbox 362 1331 508 1406; baseline 0.041 -28"><span class='ocrx_word' id='word_1_35' title='bbox 362 1331 508 1406; x_wconf 70' lang='lat' dir='ltr'>regrstro.</span> 
     </span>
     <span class='ocr_line' id='line_1_7' title="bbox 311 1485 1246 1599; baseline 0 -25"><span class='ocrx_word' id='word_1_36' title='bbox 311 1508 336 1598; x_wconf 86' lang='lat'>5</span> <span class='ocrx_word' id='word_1_37' title='bbox 357 1485 549 1599; x_wconf 84' lang='lat' dir='ltr'>Epistolae</span> <span class='ocrx_word' id='word_1_38' title='bbox 563 1487 704 1572; x_wconf 83' lang='lat' dir='ltr'>Sancti</span> <span class='ocrx_word' id='word_1_39' title='bbox 717 1489 925 1576; x_wconf 85' lang='lat' dir='ltr'>Bernardi.</span> <span class='ocrx_word' id='word_1_40' title='bbox 939 1487 1126 1576; x_wconf 87' lang='lat' dir='ltr'>In·folio.</span> <span class='ocrx_word' id='word_1_41' title='bbox 1145 1517 1246 1574; x_wconf 80' lang='lat' dir='ltr'>mr.</span> 
     </span>
    </p>
   </div>
   <div class='ocr_carea' id='block_1_4' title="bbox 348 1677 1248 2340">
    <p class='ocr_par' dir='ltr' id='par_1_4' title="bbox 348 1677 1248 2340">
     <span class='ocr_line' id='line_1_8' title="bbox 408 1677 1248 1780; baseline 0.008 -34"><span class='ocrx_word' id='word_1_42' title='bbox 408 1677 446 1746; x_wconf 86' lang='lat' dir='ltr'>[n</span> <span class='ocrx_word' id='word_1_43' title='bbox 467 1679 531 1748; x_wconf 87' lang='lat' dir='ltr'>fine</span> <span class='ocrx_word' id='word_1_44' title='bbox 552 1679 686 1775; x_wconf 86' lang='lat' dir='ltr'>legitur:</span> <span class='ocrx_word' id='word_1_45' title='bbox 708 1683 834 1774; x_wconf 64' lang='lat' dir='ltr'>explicit</span> <span class='ocrx_word' id='word_1_46' title='bbox 850 1685 971 1780; x_wconf 81' lang='lat' dir='ltr'><em>insigne</em></span> <span class='ocrx_word' id='word_1_47' title='bbox 991 1708 1071 1775; x_wconf 88' lang='lat' dir='ltr'>opus</span> <span class='ocrx_word' id='word_1_48' title='bbox 1091 1683 1248 1774; x_wconf 67' lang='lat' dir='ltr'>episrohn&#39;</span> 
     </span>
     <span class='ocr_line' id='line_1_9' title="bbox 358 1796 1247 1890; baseline 0.003 -26"><span class='ocrx_word' id='word_1_49' title='bbox 358 1796 452 1880; x_wconf 75' lang='lat' dir='ltr'>Beati</span> <span class='ocrx_word' id='word_1_50' title='bbox 474 1798 629 1868; x_wconf 77' lang='lat' dir='ltr'>Berrrardi</span> <span class='ocrx_word' id='word_1_51' title='bbox 642 1801 742 1890; x_wconf 86' lang='lat' dir='ltr'>primi</span> <span class='ocrx_word' id='word_1_52' title='bbox 766 1802 927 1874; x_wconf 69' lang='lat' dir='ltr'>clamati</span> <span class='ocrx_word' id='word_1_53' title='bbox 955 1803 1075 1872; x_wconf 82' lang='lat' dir='ltr'>abbatis</span> <span class='ocrx_word' id='word_1_54' title='bbox 1101 1803 1136 1868; x_wconf 85' lang='lat' dir='ltr'>in</span> <span class='ocrx_word' id='word_1_55' title='bbox 1163 1801 1247 1868; x_wconf 63' lang='lat' dir='ltr'>iiiito</span> 
     </span>
     <span class='ocr_line' id='line_1_10' title="bbox 359 1914 1247 2013; baseline 0.005 -31"><span class='ocrx_word' id='word_1_56' title='bbox 359 1914 610 1986; x_wconf 69' lang='lat' dir='ltr'>Bruxellensitm</span> <span class='ocrx_word' id='word_1_57' title='bbox 635 1921 764 1989; x_wconf 73' lang='lat' dir='ltr'>draants</span> <span class='ocrx_word' id='word_1_58' title='bbox 787 1921 959 1991; x_wconf 82' lang='lat' dir='ltr'>Brabamie</span> <span class='ocrx_word' id='word_1_59' title='bbox 988 1922 1100 2013; x_wconf 79' lang='lat' dir='ltr'>oppido</span> <span class='ocrx_word' id='word_1_60' title='bbox 1121 1921 1247 2009; x_wconf 74' lang='lat' dir='ltr'>inpres-</span> 
     </span>
     <span class='ocr_line' id='line_1_11' title="bbox 357 2035 1246 2128; baseline 0.004 -28"><span class='ocrx_word' id='word_1_61' title='bbox 357 2056 485 2102; x_wconf 84' lang='lat' dir='ltr'>sumac</span> <span class='ocrx_word' id='word_1_62' title='bbox 503 2061 591 2103; x_wconf 83' lang='lat' dir='ltr'>anno</span> <span class='ocrx_word' id='word_1_63' title='bbox 611 2038 694 2109; x_wconf 84' lang='lat' dir='ltr'>dom.</span> <span class='ocrx_word' id='word_1_64' title='bbox 716 2035 805 2128; x_wconf 84' lang='lat'>1481</span> <span class='ocrx_word' id='word_1_65' title='bbox 824 2091 836 2127; x_wconf 91' lang='lat'>,</span> <span class='ocrx_word' id='word_1_66' title='bbox 856 2043 941 2109; x_wconf 77' lang='lat' dir='ltr'>tertio</span> <span class='ocrx_word' id='word_1_67' title='bbox 965 2040 1054 2108; x_wconf 79' lang='lat' dir='ltr'>Ydrtr</span> <span class='ocrx_word' id='word_1_68' title='bbox 1074 2037 1246 2128; x_wconf 81' lang='lat' dir='ltr'>Apn&#39;lisin</span> 
     </span>
     <span class='ocr_line' id='line_1_12' title="bbox 348 2147 1247 2250; baseline 0.003 -30"><span class='ocrx_word' id='word_1_69' title='bbox 348 2147 438 2241; x_wconf 69' lang='lat' dir='ltr'>suro</span> <span class='ocrx_word' id='word_1_70' title='bbox 469 2155 578 2224; x_wconf 79' lang='lat' dir='ltr'><em>Sancti</em></span> <span class='ocrx_word' id='word_1_71' title='bbox 607 2155 720 2225; x_wconf 78' lang='lat' dir='ltr'><em>Leonis</em></span> <span class='ocrx_word' id='word_1_72' title='bbox 749 2159 847 2249; x_wconf 85' lang='lat' dir='ltr'>primi</span> <span class='ocrx_word' id='word_1_73' title='bbox 871 2184 956 2250; x_wconf 85' lang='lat' dir='ltr'>pape</span> <span class='ocrx_word' id='word_1_74' title='bbox 980 2155 1109 2247; x_wconf 76' lang='lat' dir='ltr'><em>feliciter</em></span> <span class='ocrx_word' id='word_1_75' title='bbox 1141 2154 1247 2225; x_wconf 82' lang='lat' dir='ltr'>termi-</span> 
     </span>
     <span class='ocr_line' id='line_1_13' title="bbox 359 2291 871 2340; baseline 0.002 -2"><span class='ocrx_word' id='word_1_76' title='bbox 359 2291 484 2340; x_wconf 87' lang='lat' dir='ltr'>natum.</span> <span class='ocrx_word' id='word_1_77' title='bbox 868 2294 871 2298; x_wconf 86' lang='grc'><em>·</em></span> 
     </span>
    </p>
   </div>
   <div class='ocr_carea' id='block_1_5' title="bbox 410 2425 1246 2526">
    <p class='ocr_par' dir='ltr' id='par_1_5' title="bbox 410 2425 1246 2526">
     <span class='ocr_line' id='line_1_14' title="bbox 410 2425 1246 2526; baseline 0.001 -29"><span class='ocrx_word' id='word_1_78' title='bbox 410 2425 556 2524; x_wconf 86' lang='lat' dir='ltr'>Sequitur</span> <span class='ocrx_word' id='word_1_79' title='bbox 591 2428 687 2501; x_wconf 86' lang='lat' dir='ltr'>index</span> <span class='ocrx_word' id='word_1_80' title='bbox 721 2450 859 2526; x_wconf 86' lang='lat' dir='ltr'>quatuor</span> <span class='ocrx_word' id='word_1_81' title='bbox 893 2430 1057 2512; x_wconf 82' lang='lat' dir='ltr'>folionrm.</span> <span class='ocrx_word' id='word_1_82' title='bbox 1098 2427 1246 2523; x_wconf 85' lang='lat' dir='ltr'>Epistolis</span> 
     </span>
    </p>
   </div>
   <div class='ocr_carea' id='block_1_6' title="bbox 352 2544 1248 3117">
    <p class='ocr_par' dir='ltr' id='par_1_6' title="bbox 352 2544 1248 3117">
     <span class='ocr_line' id='line_1_15' title="bbox 354 2544 1246 2644; baseline 0.002 -29"><span class='ocrx_word' id='word_1_83' title='bbox 354 2568 471 2640; x_wconf 87' lang='lat' dir='ltr'>praeest</span> <span class='ocrx_word' id='word_1_84' title='bbox 509 2546 623 2618; x_wconf 87' lang='lat' dir='ltr'>folium</span> <span class='ocrx_word' id='word_1_85' title='bbox 657 2544 747 2637; x_wconf 80' lang='lat' dir='ltr'>cujus</span> <span class='ocrx_word' id='word_1_86' title='bbox 774 2573 872 2619; x_wconf 84' lang='lat' dir='ltr'>verso</span> <span class='ocrx_word' id='word_1_87' title='bbox 901 2549 1049 2644; x_wconf 83' lang='lat' dir='ltr'>leguntur</span> <span class='ocrx_word' id='word_1_88' title='bbox 1078 2545 1124 2617; x_wconf 91' lang='lat'>28</span> <span class='ocrx_word' id='word_1_89' title='bbox 1154 2546 1246 2625; x_wconf 83' lang='lat' dir='ltr'>lineae</span> 
     </span>
     <span class='ocr_line' id='line_1_16' title="bbox 354 2664 1248 2764; baseline -0.001 -29"><span class='ocrx_word' id='word_1_90' title='bbox 354 2664 481 2737; x_wconf 77' lang='lat' dir='ltr'>tantim</span> <span class='ocrx_word' id='word_1_91' title='bbox 501 2666 742 2760; x_wconf 86' lang='lat' dir='ltr'>impressionis,</span> <span class='ocrx_word' id='word_1_92' title='bbox 769 2692 904 2764; x_wconf 86' lang='lat' dir='ltr'>quarum</span> <span class='ocrx_word' id='word_1_93' title='bbox 925 2668 1028 2763; x_wconf 89' lang='lat' dir='ltr'>prima</span> <span class='ocrx_word' id='word_1_94' title='bbox 1052 2666 1096 2740; x_wconf 90' lang='lat' dir='ltr'>sic</span> <span class='ocrx_word' id='word_1_95' title='bbox 1120 2665 1248 2734; x_wconf 86' lang='lat' dir='ltr'>habet:</span> 
     </span>
     <span class='ocr_line' id='line_1_17' title="bbox 352 2781 1246 2878; baseline -0.001 -26"><span class='ocrx_word' id='word_1_96' title='bbox 352 2785 541 2853; x_wconf 84' lang='lat' dir='ltr'><em>miraculum</em></span> <span class='ocrx_word' id='word_1_97' title='bbox 560 2788 597 2853; x_wconf 71' lang='lat' dir='ltr'>de</span> <span class='ocrx_word' id='word_1_98' title='bbox 611 2789 720 2876; x_wconf 85' lang='lat' dir='ltr'>prima</span> <span class='ocrx_word' id='word_1_99' title='bbox 745 2789 882 2878; x_wconf 56' lang='lat' dir='ltr'>epistola.</span> <span class='ocrx_word' id='word_1_100' title='bbox 912 2784 971 2855; x_wconf 89' lang='lat' dir='ltr'>De</span> <span class='ocrx_word' id='word_1_101' title='bbox 994 2785 1054 2855; x_wconf 87' lang='lat' dir='ltr'>hac</span> <span class='ocrx_word' id='word_1_102' title='bbox 1081 2781 1246 2867; x_wconf 83' lang='lat' dir='ltr'>editione,</span> 
     </span>
     <span class='ocr_line' id='line_1_18' title="bbox 355 2899 1245 3003; baseline 0.001 -33"><span class='ocrx_word' id='word_1_103' title='bbox 355 2899 436 2971; x_wconf 88' lang='lat' dir='ltr'>vide</span> <span class='ocrx_word' id='word_1_104' title='bbox 457 2902 548 2974; x_wconf 85' lang='lat' dir='ltr'>catal.</span> <span class='ocrx_word' id='word_1_105' title='bbox 576 2902 608 2974; x_wconf 84' lang='lat' dir='ltr'>la</span> <span class='ocrx_word' id='word_1_106' title='bbox 637 2904 780 2976; x_wconf 71' lang='lat' dir='ltr'>vallitre</span> <span class='ocrx_word' id='word_1_107' title='bbox 811 2903 875 2977; x_wconf 78' lang='lat' dir='ltr'>N0.</span> <span class='ocrx_word' id='word_1_108' title='bbox 910 2900 990 3003; x_wconf 77' lang='lat'>518.</span> <span class='ocrx_word' id='word_1_109' title='bbox 1019 2900 1245 2997; x_wconf 79' lang='lat' dir='ltr'>Compingintr</span> 
     </span>
     <span class='ocr_line' id='line_1_19' title="bbox 355 3017 716 3117; baseline 0.014 -26"><span class='ocrx_word' id='word_1_110' title='bbox 355 3017 427 3091; x_wconf 78' lang='lat' dir='ltr'>uni</span> <span class='ocrx_word' id='word_1_111' title='bbox 451 3045 526 3091; x_wconf 92' lang='lat' dir='ltr'>cum</span> <span class='ocrx_word' id='word_1_112' title='bbox 549 3021 716 3117; x_wconf 87' lang='lat' dir='ltr'>sequenti:</span> 
     </span>
    </p>
   </div>
   <div class='ocr_carea' id='block_1_7' title="bbox 291 3196 911 3287">
    <p class='ocr_par' dir='ltr' id='par_1_7' title="bbox 291 3196 911 3287">
     <span class='ocr_line' id='line_1_20' title="bbox 291 3196 911 3287; baseline -0.01 0"><span class='ocrx_word' id='word_1_113' title='bbox 291 3200 447 3287; x_wconf 85' lang='lat' dir='ltr'>Sancti</span> <span class='ocrx_word' id='word_1_114' title='bbox 472 3196 664 3283; x_wconf 87' lang='lat' dir='ltr'>Bernardi</span> <span class='ocrx_word' id='word_1_115' title='bbox 694 3225 911 3283; x_wconf 85' lang='lat' dir='ltr'>sermones.</span> 
     </span>
    </p>
   </div>
   <div class='ocr_carea' id='block_1_8' title="bbox 408 3387 1244 3483">
    <p class='ocr_par' dir='ltr' id='par_1_8' title="bbox 408 3387 1244 3483">
     <span class='ocr_line' id='line_1_21' title="bbox 408 3387 1244 3483; baseline 0 -28"><span class='ocrx_word' id='word_1_116' title='bbox 408 3387 444 3463; x_wconf 88' lang='lat' dir='ltr'>In</span> <span class='ocrx_word' id='word_1_117' title='bbox 468 3388 531 3463; x_wconf 80' lang='lat' dir='ltr'>fine</span> <span class='ocrx_word' id='word_1_118' title='bbox 557 3387 702 3483; x_wconf 84' lang='lat' dir='ltr'>legitur:</span> <span class='ocrx_word' id='word_1_119' title='bbox 731 3389 900 3479; x_wconf 76' lang='lat' dir='ltr'>expliciunt</span> <span class='ocrx_word' id='word_1_120' title='bbox 924 3410 1075 3461; x_wconf 75' lang='lat' dir='ltr'>sermones</span> <span class='ocrx_word' id='word_1_121' title='bbox 1105 3388 1141 3463; x_wconf 71' lang='lat' dir='ltr'>de</span> <span class='ocrx_word' id='word_1_122' title='bbox 1167 3393 1244 3455; x_wconf 83' lang='lat' dir='ltr'>tem&#39;·</span> 
     </span>
    </p>
   </div>
   <div class='ocr_carea' id='block_1_9' title="bbox 354 3621 1245 3842">
    <p class='ocr_par' dir='ltr' id='par_1_9' title="bbox 354 3621 1245 3842">
     <span class='ocr_line' id='line_1_22' title="bbox 354 3621 1245 3714; baseline -0.007 -21"><span class='ocrx_word' id='word_1_123' title='bbox 354 3626 488 3693; x_wconf 73' lang='lat' dir='ltr'>duratio</span> <span class='ocrx_word' id='word_1_124' title='bbox 510 3626 681 3694; x_wconf 77' lang='lat' dir='ltr'>Brabarrtie</span> <span class='ocrx_word' id='word_1_125' title='bbox 703 3650 791 3695; x_wconf 84' lang='lat' dir='ltr'>anno</span> <span class='ocrx_word' id='word_1_126' title='bbox 818 3621 935 3714; x_wconf 89' lang='lat'>1481,</span> <span class='ocrx_word' id='word_1_127' title='bbox 957 3626 1037 3708; x_wconf 75' lang='lat' dir='ltr'>alme</span> <span class='ocrx_word' id='word_1_128' title='bbox 1061 3622 1245 3691; x_wconf 72' lang='lat' dir='ltr'>Penthaos·</span> 
     </span>
     <span class='ocr_line' id='line_1_23' title="bbox 357 3738 1243 3842; baseline -0.001 -33"><span class='ocrx_word' id='word_1_129' title='bbox 357 3763 403 3809; x_wconf 81' lang='lat' dir='ltr'>res</span> <span class='ocrx_word' id='word_1_130' title='bbox 429 3743 463 3809; x_wconf 83' lang='lat' dir='ltr'>in</span> <span class='ocrx_word' id='word_1_131' title='bbox 484 3742 632 3833; x_wconf 74' lang='lat' dir='ltr'>profesto.</span> <span class='ocrx_word' id='word_1_132' title='bbox 660 3743 701 3813; x_wconf 88' lang='lat' dir='ltr'>Et</span> <span class='ocrx_word' id='word_1_133' title='bbox 725 3761 898 3839; x_wconf 87' lang='lat' dir='ltr'>sequuntur</span> <span class='ocrx_word' id='word_1_134' title='bbox 916 3741 990 3842; x_wconf 75' lang='lat' dir='ltr'>¹duo</span> <span class='ocrx_word' id='word_1_135' title='bbox 1019 3740 1096 3811; x_wconf 84' lang='lat' dir='ltr'>folia</span> <span class='ocrx_word' id='word_1_136' title='bbox 1123 3738 1243 3810; x_wconf 89' lang='lat' dir='ltr'>indicis.</span> 
     </span>
    </p>
   </div>
   <div class='ocr_carea' id='block_1_10' title="bbox 315 3850 1245 4062">
    <p class='ocr_par' dir='ltr' id='par_1_10' title="bbox 315 3850 1245 4062">
     <span class='ocr_line' id='line_1_24' title="bbox 315 3850 1245 3957; baseline -0.005 -26"><span class='ocrx_word' id='word_1_137' title='bbox 315 3850 317 3854; x_wconf 33' lang='lat'><strong><em>¹</em></strong></span> <span class='ocrx_word' id='word_1_138' title='bbox 360 3855 558 3936; x_wconf 66' lang='lat' dir='ltr'>Accusatam</span> <span class='ocrx_word' id='word_1_139' title='bbox 582 3858 826 3957; x_wconf 86' lang='lat' dir='ltr'>descriptionem</span> <span class='ocrx_word' id='word_1_140' title='bbox 845 3858 1021 3956; x_wconf 87' lang='lat' dir='ltr'>suppeditat</span> <span class='ocrx_word' id='word_1_141' title='bbox 1045 3854 1137 3947; x_wconf 80' lang='lat' dir='ltr'>hujus</span> <span class='ocrx_word' id='word_1_142' title='bbox 1156 3877 1245 3928; x_wconf 77' lang='lat' dir='ltr'>nova</span> 
     </span>
     <span class='ocr_line' id='line_1_25' title="bbox 1017 3969 1097 4062; baseline -0.063 -16"><span class='ocrx_word' id='word_1_143' title='bbox 1017 3974 1048 4046; x_wconf 87' lang='lat' dir='ltr'>C</span> <span class='ocrx_word' id='word_1_144' title='bbox 1066 3969 1097 4062; x_wconf 85' lang='lat' dir='ltr'>iij</span> 
     </span>
    </p>
   </div>
   <div class='ocr_carea' id='block_1_11' title="bbox 0 0 1634 5075">
    <p class='ocr_par' dir='ltr' id='par_1_11' title="bbox 0 0 1634 5075">
     <span class='ocr_line' id='line_1_26' title="bbox 0 0 1634 5075; baseline 0 0"><span class='ocrx_word' id='word_1_145' title='bbox 0 0 1634 5075; x_wconf 95' lang='lat' dir='ltr'> </span> 
     </span>
    </p>
   </div>
  </div>
 </body>
</html>
