3259 5075
403 589 479 672 '324
821 568 847 638 B
877 567 914 637 0

402 758 481 778 ...-
499 721 674 808 (Humor.)
693 719 793 784 ln-fol.
812 719 848 783 C.
871 720 917 803 38.
969 702 972 709 ’
1029 782 1031 786 ,
1111 718 1113 724 ’

403 824 467 888 Des
484 823 584 885 nobles
603 824 792 884 malheureux.
814 821 905 880 Paris.
926 835 973 898 94.
993 829 1024 895 4.·

401 951 482 976 ν·-
501 923 610 985 Ibidem.
635 919 735 983 In-fol.
757 918 798 980 D.
823 941 852 999 3.

400 1021 445 1086 Le
462 1022 534 1102 livre
554 1021 594 1083 du
613 1019 806 1109 Decameron.
824 1015 929 1092 Paris,
950 1013 1065 1076 Verard.
1087 1011 1200 1076 In·fol.
1218 1011 1259 1077 D.
1284 1014 1334 1095 38.

656 1178 825 1250 Bornos
850 1173 1069 1270 (Soterinis.)
1154 1214 1158 1223 ·

399 1337 451 1399 De
471 1337 601 1398 doctrina
619 1334 809 1397 scholarium.
828 1329 893 1391 MS.
912 1329 980 1410 287.
1000 1350 1048 1392 20.

278 1496 280 1500 ,
398 1432 450 1496 De
461 1436 658 1496 consolatione
670 1432 861 1515 philosophia
869 1474 880 1506 ,
894 1449 960 1490 cum
978 1443 1134 1491 comment.
1151 1427 1182 1490 S.
1195 1426 1333 1495 Thomaea

440 1533 593 1613 Coburgers.
615 1551 663 1613 73.
686 1548 712 1612 3.

397 1657 477 1681 -ο
494 1630 603 1691 Ibidem.
624 1629 674 1710 76.
695 1629 723 1692 8.

395 1755 477 1780 α·-
496 1729 690 1809 Nurembergae.
712 1727 760 1808 83.
781 1750 809 1807 3.

397 1854 479 1878 ι·-
499 1825 625 1886 lovanii.
643 1825 693 1897 84·
716 1844 743 1904 ς.

396 1922 446 1984 De
468 1924 616 2002 disciplina
635 1920 824 1983 scholarium.
846 1922 975 1984 lovanii.
997 1922 1164 2004 85··-·84.
1183 1938 1212 2006 5:

393 2019 569 2090 Consolatio
590 2020 792 2100 philosophiae.
814 2019 980 2102 (Belgici.)
1002 2022 1141 2084 Candaei.
1161 2024 1207 2104 85.
1231 2036 1259 2103 ς.

397 2146 476 2168 ·--·
492 2118 530 2179 Et
549 2117 585 2179 de
605 2118 753 2198 disciplini
773 2118 959 2180 scholarium.
984 2119 1119 2201 Lugduni.
1142 2121 1189 2199 87.
1212 2143 1239 2200 3.

395 2245 474 2266 ι·-
494 2215 649 2299 (Wensler
664 2233 691 2275 et
708 2216 807 2299 Biel.)
831 2216 934 2280 ln-fol.
954 2215 990 2281 C.
1011 2238 1058 2299 37.

534 2377 742 2450 Bomnnus
768 2375 1014 2472 (Dominum.)
1039 2381 1198 2454 Venetus.

366 2531 372 2539 “
395 2534 521 2615 Questio
532 2533 568 2596 de
580 2536 769 2618 conceptione
781 2533 822 2598 V.
834 2533 948 2598 Mariae.
959 2534 1107 2616 (Mantel.)
1118 2532 1216 2596 ln-lol.
1230 2530 1269 2595 C.
1279 2553 1333 2613 405

396 2661 476 2682 --
494 2632 594 2694 Altera
612 2636 710 2695 editio.
728 2633 770 2694 D.
790 2656 819 2713 7.
840 2651 869 2694 et
887 2634 920 2695 E.
941 2655 987 2715 35.

362 2771 364 2777 ’
395 2788 608 2862 Bonmtous
631 2789 763 2886 (Joan.)
788 2790 999 2881 Veronensis.
1018 2793 1063 2866 V.
1084 2795 1330 2871 vincimus.

791 2932 849 3002 97·
878 2930 935 3006 ²5·

592 3062 917 3153 Bonnvuntunn,
940 3061 1127 3139 cardinalis.

398 3217 483 3301 Opus
504 3220 535 3279 in
554 3220 710 3281 secundum
730 3218 949 3285 Sententiarum.
974 3222 1105 3284 Tarvisii.
1126 3243 1174 3303 77.
1195 3225 1223 3288 8.

399 3331 478 3367 --*·
498 3311 632 3391 Veneriis.
653 3341 701 3398 77.
722 3341 751 3400 9.
957 3380 960 3387 ,
1284 3394 1285 3397 ¹

401 3412 469 3478 Vita
489 3418 526 3506 di·
538 3416 640 3478 Sancto
662 3416 843 3493 Francesco,
868 3419 1022 3502 compilata
1043 3421 1080 3483 da
1101 3419 1152 3483 Sto
1174 3420 1330 3489 Bonavem

355 3550 376 3571 .-
438 3516 511 3575 turci.
532 3513 696 3573 Mediolani.
717 3537 766 3595 77.
787 3537 832 3577 10.

400 3608 551 3673 Sermones
570 3613 606 3673 de
623 3628 753 3694 tempore
772 3631 801 3673 et
823 3612 943 3675 Sanctis.
967 3616 1088 3675 ZwHir.
1109 3637 1158 3697 79.
1179 3614 1208 3679 8.

400 3704 470 3785 Ejus
486 3709 546 3768 vita
563 3727 591 3769 et
604 3712 741 3771 miracula
758 3730 809 3792 per
828 3710 1035 3795 Octavianum}
1052 3712 1101 3774 82.
1125 3734 1154 3792 3.

398 3801 501 3885 Opera
521 3806 619 3866 multa.
641 3806 767 3871 colonia.
792 3807 840 3873 86.
863 3830 892 3889 4.
