3259 5075
347 587 420 680 296
634 584 981 660 CODICES

367 762 428 822 ‚et
461 742 605 814 manibus
643 743 788 817 extensis.
824 741 918 822 Liber
951 739 1077 837 quintus
1113 757 1145 811 et
1178 738 1286 834 figura
1359 810 1369 837 ,

274 914 278 919 .
396 864 505 963 quinta
527 862 676 934 exhibent
700 858 916 931 Alexandrum
944 859 1062 930 throno
1090 856 1287 944 sedentem;

397 998 429 1050 et
452 978 539 1069 juxta
564 981 666 1074 ipsum
685 978 842 1074 Reginam
864 1003 961 1048 unam
983 997 1015 1048 et
1034 1003 1074 1048 ex
1095 977 1193 1047 alteral
1215 977 1287 1049 Eu-

398 1097 528 1171 ridicem
552 1097 685 1192 Philippi
708 1095 976 1167 Macedoniorum
999 1094 1097 1190 Regis
1121 1113 1285 1182 matrem,

397 1216 600 1310 aspicientem
622 1242 641 1286 e
662 1215 780 1285 throno
797 1220 862 1286 suo
886 1214 966 1285 filios
990 1213 1210 1284 Alexandrum
1242 1240 1284 1286 ac

351 1413 354 1416 ,
398 1333 605 1422 Perdiccam,
629 1335 805 1406 haurientes
826 1358 942 1428 cupam
964 1357 1093 1404 veneno
1114 1333 1257 1427 plenam.

447 1449 596 1524 Tandem
615 1451 691 1523 liber
715 1471 819 1524 sextus
841 1473 990 1549 sextaque
1010 1451 1117 1553 'ligura
1139 1449 1285 1522 referunt

398 1569 596 1642 Antiochum
616 1568 903 1644 lerosolimitanam
924 1573 1036 1642 urbem
1058 1567 1285 1655 obsidentem,
1319 1641 1323 1649 ,

284 1763 286 1767 ,
399 1706 431 1758 et
447 1685 602 1763 clauditur
620 1688 664 1760 sic
682 1688 836 1769 volumen
852 1687 1046 1776 secundum,
1065 1713 1136 1759 cum
1158 1711 1199 1781 43
1223 1713 1285 1758 ca-

399 1806 488 1906 pite,
516 1805 592 1874 lieet
620 1805 652 1873 in
682 1807 845 1900 praemisso
873 1805 975 1876 indice
1002 1829 1050 1895 42
1081 1823 1202 1879 tantum
1225 1804 1286 1876 de-

398 1923 511 2015 signati
544 1922 692 2021 fuerint,
730 1921 815 1995 unde
855 1923 1031 2020 perfectum
1060 1950 1097 1997 ac
1130 1925 1283 2020 comple-

294 2084 296 2089 .
400 2055 467 2111 tum
497 2057 554 2111 est.
954 2046 956 2051 ’
1149 2040 1150 2044 ’
1182 2022 1185 2028 ’

447 2144 733 2257 Nihil⁰elegantibs
756 2160 804 2230 his
826 2186 881 2232 sex
903 2160 1031 2257 picturis
1053 2187 1113 2256 pro
1136 2185 1177 2231 eo
1201 2170 1287 2231 tem-⁴

360 2288 363 2293 “
400 2287 481 2371 pore
507 2296 612 2374 potest
634 2277 824 2351 desiderari:
847 2281 962 2352 mirum
978 2279 1056 2376 ergb
1079 2304 1148 2350 non
1165 2297 1211 2348 est
1228 2281 1286 2351 ab·

400 2394 508 2477 batem
539 2394 622 2466 Rive
651 2395 684 2468 in
712 2423 771 2468 suo
793 2422 953 2492 prospectu
974 2403 1169 2496 picturarum
1195 2398 1287 2466 auti-

401 2520 533 2611 qu'arum
556 2540 653 2587 unam
675 2540 716 2588 ex
738 2517 787 2587 his
808 2517 964 2616 selegisse.

356 2714 413 2826 36,
439 2716 683 2799 Breviarium
713 2716 944 2799 Romanum
971 2713 1197 2799 secundum
1234 2742 1287 2795 u-

411 2874 498 2941 sum
519 2845 671 2931 ordinis
691 2848 752 2934 Sti
775 2850 809 2931 F
811 2851 995 2932 rancisci.
1012 2850 1141 2931 In'-80.
1158 2849 1288 2931 Tom.
1339 2843 1345 2856 ’

293 3004 297 3021 ²
352 2994 354 2998 ’
409 2975 524 3081 duo,
557 3005 666 3060 veau.

451 3144 569 3218 Codex
593 3147 815 3221 membraneus
843 3154 916 3251 15⁸¹.
940 3152 1037 3223 seculi
1062 3153 1191 3247 optimae
1208 3180 1290 3224 con·
1373 3142 1376 3149 ’

385 3268 603 3342 servationis.
641 3271 686 3359 ln'
703 3270 850 3367 profesto
879 3273 1045 3369 cathedrae
1064 3271 1109 3344 Sti
1133 3274 1216 3344 Petri
1242 3277 1291 3345 le·
1387 3266 1392 3290 ⁵

404 3387 516 3480 gitur:
553 3382 645 3459 Deus
679 3394 732 3483 qui
763 3394 849 3461 beato
880 3395 970 3461 Petro
1002 3395 1118 3462 collatis
1151 3392 1289 3461 clavibus

344 3522 346 3525 ’
404 3508 489 3600 regni
510 3510 619 3577 celestis
642 3512 767 3579 animas
788 3513 907 3603 ligandi
925 3487 1014 3601 atque
1035 3508 1170 3578 solvendi
1194 3509 1289 3576 Pon·
1397 3507 1401 3516 ’

404 3624 731 3711 nficiumrradidist1'3
758 3627 792 3695 in
817 3652 883 3719 quo
909 3626 1065 3719 discrepat
1087 3650 1105 3692 a
1127 3624 1288 3697 breviario

405 3734 558 3843 Romano
595 3740 686 3831 hujus
716 3740 898 3838 temporis,
926 3742 960 3813 in
996 3767 1063 3840 quo
1091 3742 1211 3815 sublata
1241 3760 1291 3814 est

367 3929 371 3936 ,
406 3875 474 3930 vox
494 3880 631 3932 anrmas.
1088 3891 1090 3894 ’
