3259 5075
342 559 415 651 426
547 626 551 633 ,
767 553 839 626 Sl

341 715 408 774 cisci
431 711 466 772 de
487 708 581 771 Plateal
602 731 649 771 eas
672 709 813 784 adhibuit,
835 728 902 790 403.
928 706 1056 788 Lrtgdurrr'
1078 728 1165 770 anno
1192 727 1287 790 1477,·

339 830 407 891 43¹·
431 807 573 869 Koellroff
591 811 638 889 qui
664 808 779 867 Colonia
806 805 875 865 folia
897 805 1025 888 signabat
1052 806 1195 887 (280),
1217 810 1289 868 hanc

339 908 510 968 methodum
532 905 734 987 supprimendo
756 924 858 965 eorum
878 905 943 964 loco
969 906 1108 964 custodes
1138 907 1290 987 supplevit

340 1026 415 1066 anno
438 1023 529 1083 1477,
549 1023 617 1084 433.
635 1001 683 1062 Ad
699 1003 828 1070 laevam,
849 1003 878 1061 in
896 1003 1023 1083 margine
1042 1003 1185 1064 inferiori
1203 1005 1289 1074 libri,

340 1124 386 1164 eas
402 1105 578 1163 collocarunt
594 1100 712 1158 Parisiis
731 1099 828 1160 Petrus
842 1098 961 1162 casaris
977 1117 1006 1160 et
1026 1098 1123 1176 Stoll‚
1147 1123 1220 1181 107.
1242 1100 1291 1162 Se·

341 1202 465 1261 cundbm
479 1201 664 1266 intentionem
682 1200 932 1281 typographorum
947 1200 975 1257 in
994 1201 1096 1278 primis
1112 1196 1291 1278 artis'hujus

339 1300 529 1359 monumentis
559 1300 599 1357 sic
629 1296 854 1377 disponebantur
882 1299 911 1356 in
938 1299 1068 1357 extremit
1106 1300 1291 1380 paginarum

340 1396 410 1472 ord,
431 1413 462 1456 ut
480 1395 630 1456 debuerint
655 1397 846 1475 compactoris
868 1398 1056 1454 instrumento
1076 1395 1196 1466 levari,
1216 1395 1292 1476 318,

341 1512 417 1576 34⁸2,
441 1501 517 1572 346,
543 1515 622 1575 3473
650 1511 677 1553 er
703 1495 787 1552 etiam
805 1495 834 1552 in
858 1493 952 1551 Solino
974 1489 1133 1551 Monbritii
1159 1493 1232 1550 anni
1255 1491 1292 1552 ad

339 1593 447 1653 tardibs
463 1611 548 1668 1474.
570 1590 658 1652 ὓηάὲ
678 1589 736 1670 jam
756 1591 821 1650 ante
838 1610 950 1667 annum
974 1608 1048 1667 1472
1068 1590 1099 1647 in
1118 1611 1178 1648 usu
1203 1588 1292 1650 fuisse

338 1690 416 1769 apud
441 1691 518 1769 ipsos
537 1709 704 1749 communes
727 1688 980 1747 verissimillimum
1003 1702 1055 1747 est.
1083 1685 1169 1746 Hinc
1199 1687 1292 1747 abbas

337 1787 376 1846 de
396 1785 547 1865 S.-cher
566 1787 636 1846 dicit
652 1787 680 1844 in
696 1785 783 1843 lettres
802 1806 840 1841 art
855 1783 951 1841 Boron
968 1784 1001 1840 de
1019 1783 1056 1840 H
1057 1822 1178 1844 .......
1190 1826 1201 1850 .
1219 1805 1290 1864 pag.

340 1902 395 1961 17,
408 1886 437 1941 in
452 1885 564 1940 editione
581 1882 656 1941 Petri
673 1884 705 1941 de
720 1881 877 1940 Crescentiis
890 1881 1077 1959 Arrgustand‚
1099 1884 1173 1940 arrrti
1194 1903 1289 1961 1471,

339 1997 429 2047 extare
447 1981 618 2060 signatores,
637 1980 707 2038 ditm
729 1995 826 2037 tamen
844 1980 874 2036 in
890 1995 989 2037 nostro
1010 1981 1200 2058 exemplari,
1222 1982 1291 2041 licet

339 2079 441 2158 amplae
456 2079 588 2158 marginis
598 2120 608 2146 ,
619 2077 696 2136 nulla
710 2092 846 2157 apparent
860 2096 957 2154 eatptn
968 2077 1090 2157 vestigia
1101 2122 1111 2150 ‚
1122 2097 1198 2152 240.
1215 2079 1290 2141 Vid.

339 2176 424 2236 etiam
444 2195 507 2257 pag.
530 2175 595 2255 366.
615 2174 800 2255 Quandoque
821 2195 887 2254 pars
911 2194 967 2232 una
986 2175 1102 2232 tantiam
1122 2177 1289 2236 voluminis

340 2274 520 2356 signabatur,
538 2273 627 2333 Tom.
651 2271 673 2332 Ι.
698 2293 773 2353 394,
794 2292 874 2348 403,
894 2293 965 2347 440.
987 2271 1085 2332 Variis
1111 2275 1217 2334 modis
1241 2295 1289 2334 eas

339 2371 555 2450 disposuerunt,
571 2369 660 2431 Tom.
672 2369 695 2429 l.
706 2371 784 2450 456,
802 2390 878 2451 459,
891 2370 968 2443 460,
983 2387 1056 2446 1073
1068 2368 1165 2429 Tom.
1180 2370 1224 2430 ΙΙ.
1241 2391 1289 2452 34.

340 2466 422 2550 Saepe
445 2486 597 2529 occurrunt
622 2469 761 2529 librorum
792 2471 939 2550 primaevae
969 2469 1149 2546 antiquitatis
1183 2491 1289 2530 exem·

339 2569 448 2647 plaria,
476 2570 505 2627 in
534 2570 635 2649 quibus
656 2585 808 2629 occurrunt
836 2570 947 2628 rantum
976 2569 1132 2648 signaturae
1162 2589 1290 2630 manus·

339 2669 458 2745 criptae,
478 2668 548 2725 ditm
573 2668 602 2725 in
630 2668 689 2726 aliis
711 2667 920 2745 exemplaribus
940 2666 1081 2725 habentur
1105 2669 1289 2746 impressae,

339 2764 389 2822 sed
412 2766 439 2821 in
461 2764 511 2822 ord
536 2763 656 2831 irrfimd;
680 2781 722 2823 ast
742 2766 843 2823 ultima
866 2766 927 2824 haec
950 2781 1061 2841 semper
1088 2767 1290 2844 amplioribus

339 2861 462 2942 gaudent
480 2863 674 2941 marginibus,
694 2862 771 2945 dirm-
783 2862 839 2919 illae
861 2861 989 2941 priorum
1010 2878 1132 2919 resectae
1153 2862 1289 2925 fuerunt.

339 2956 439 3017 Inferri
463 2975 556 3037 potest
578 2978 611 3015 ex
636 2960 775 3035 primaevo
794 2980 846 3017 usu
866 2961 1074 3039 signaturarum
1096 2981 1187 3037 posse
1208 2965 1290 3044 saepe

338 3055 432 3133 detegi
452 3056 515 3113 libri
535 3056 615 3110 unius
636 3056 857 3131 irnpressorem3
879 3077 907 3113 v.
933 3076 960 3136 g.
981 3057 1105 3115 tractavi
1127 3059 1290 3121 Terentium

338 3152 403 3211 onai
427 3171 501 3229 1474
521 3150 607 3230 pridie
626 3151 726 3210 Nonas
747 3152 886 3231 Augusti,
905 3152 993 3229 cujus·
1006 3152 1158 3216 character
1178 3162 1290 3238 appri-

322 3251 385 3310 Lme
405 3248 561 3311 conformis
579 3266 620 3309 est
641 3250 682 3308 illi
701 3270 759 3329 quo
781 3251 911 3310 utebatur
932 3251 1036 3311 Joann.
1059 3252 1098 3309 de
1126 3252 1289 3320 Colonia:

338 3352 405 3429 quia
416 3352 486 3411 verb
499 3352 528 3409 in
539 3349 591 3410 oria
603 3345 702 3407 infimi
715 3352 849 3429 marginis
862 3350 995 3409 extabant
1008 3349 1101 3409 adhuc
1116 3351 1290 3434 fragmenta

339 3450 565 3529 signaturarum3
584 3448 661 3507 licuit
682 3445 752 3506 mihi
769 3448 938 3507 concludere
957 3448 1114 3507 editionem
1132 3452 1210 3511 lianc
1228 3476 1288 3534 po-

338 3549 423 3605 tuisse
451 3534 515 3606 hiric
544 3545 745 3626 Typographo
775 3546 905 3605 adscribi.
921 3587 923 3591 .
938 3545 1020 3605 Idem
1049 3544 1210 3606 dicendum
1250 3554 1289 3612 de

338 3644 479 3721 registro,
500 3642 664 3723 capitalibus
683 3659 731 3699 aut
754 3646 887 3701 numeris.
917 3645 1001 3702 Absit
1023 3659 1120 3700 tamen
1152 3663 1186 3704 ut
1221 3671 1288 3709 cre·

339 3738 418 3797 darn.
436 3742 603 3802 methodum
634 3740 706 3801 hanc
735 3759 793 3800 esse
829 3739 1036 3815 infallibilem,
1071 3740 1122 3801 scd
1159 3743 1287 3827 conice.

342 3835 470 3897 ruralem.
