3259 5075
403 613 478 696 *²44
670 598 878 673 LIBRI
927 598 1060 672 SUB

460 760 532 844 che
550 757 758 870 predicava
781 755 848 842 nel
870 784 979 841 anno
1007 782 1111 868 1495
1139 781 1178 840 et
1208 756 1330 871 1496.
1397 879 1399 882 Α

462 896 513 980 In
525 942 542 956 -
553 892 626 978 fol.
641 901 643 906 ’

499 1081 698 1181 Praemittitur
719 1059 853 1176 epistole
876 1065 1036 1158 ¹dicatoria
1062 1077 1221 1152 Laurentii
1241 1079 1332 1151 Violi

454 1202 568 1272 notarii
597 1199 769 1272 Florentini
798 1197 839 1268 ad
871 1197 986 1270 ducem
1014 1199 1272 1288 Ferrariensem,
1300 1217 1333 1270 et

436 1320 551 1389 -altera
581 1316 621 1389 de
650 1316 860 1388 sermonibus.
879 1315 1116 1403 Savonarolae;
1143 1335 1175 1386 et
1207 1316 1239 1384 in
1270 1317 1334 1386 fine

402 1476 404 1484 =
453 1437 585 1530 legitur:
607 1438 751 1528 impresso
773 1438 855 1504 nella
877 1434 959 1524 cipta
985 1437 1019 1503 di
1048 1437 1171 1530 Fifenze
1199 1435 1245 1501 ad
1263 1436 1334 1503 ins·
1408 1450 1409 1453 ’
1466 1444 1468 1449 ’

454 1556 554 1651 tano'a
577 1556 610 1622 di
635 1577 681 1623 ser
708 1553 844 1649 Lorenzo
872 1553 989 1628 Viwoli
1018 1551 1094 1623 luizo
1124 1551 1246 1654 1496,
1280 1554 1335 1621 adi

453 1694 518 1771 octo
540 1674 572 1741 di
591 1673 730 1744 Febrai0.

287 1907 289 1913 ¹
406 1869 459 1954 28
475 1864 667 1983 Prediche
683 1865 748 1952 del
762 1867 984 1956 reverendo
996 1867 1122 1981 padre.
1133 1867 1229 1953 frate
1241 1866 1338 1964 Hie-

460 2003 623 2084 ronimo
645 1998 695 2084 da
717 1998 753 2083 F
754 2029 881 2085 errara
904 2003 1009 2115 facte
1033 1997 1165 2086 l’anno
1201 2005 1335 2114 1496,

406 2184 425 2221 ‚2
458 2131 634 2247 ,raccolte
662 2161 733 2245 per
760 2161 823 2218 ser
854 2127 1047 2219 Lorenzo
1082 2132 1196 2221 Violi
1234 2131 1339 2220 dalla

353 2353 356 2358 .
458 2263 566 2355 Viva
596 2269 713 2357 Voce
734 2263 799 2351 del
826 2267 1070 2377 predicante.
1101 2264 1243 2353 In·fol.‘

502 2454 669 2526 Volumen
694 2453 877 2528 terminatur
901 2483 976 2530 cum
995 2487 1021 2528 x
1041 2458 1101 2548 iiij.

407 2678 461 2762 29
491 2652 682 2741 Perdiche
724 2653 899 2741 raccolte
934 2680 1006 2765 per
1047 2680 1110 2735 ser
1146 2654 1339 2736 Lorenzo

284 2792 286 2796 ’
463 2783 603 2891 Violi,
624 2810 736 2895 parte
763 2790 806 2868 in
828 2784 975 2868 Sancta
996 2785 1128 2865 Maria
1151 2780 1215 2868 del
1239 2784 1342 2868 fiore

378 2938 380 2941 ⁴
465 2940 506 3005 ext
526 2940 636 3026 parte
663 2913 768 2998 nella
794 2917 926 3001 chiesa
951 2915 992 2999 di
1014 2915 1165 2999 Sancto
1195 2899 1340 3002 M'arco

462 3046 506 3131 di
526 3046 699 3128 Firenze
723 3042 826 3129 dalla
844 3048 951 3137 Viva
973 3050 1092 3134 Voce
1113 3045 1190 3131 del.
1216 3049 1272 3131 R.
1292 3048 1342 3131 P.

430 3176 583 3266 ‚Frate
610 3177 852 3262 Hieronimo
891 3178 943 3263 da
981 3178 1147 3264 Ferrara
1186 3204 1343 3263 mentre

373 3330 376 3337 '
462 3311 536 3395 che
563 3310 802 3423 predicava,
833 3313 897 3417 oel
929 3344 1072 3426 1497,
1110 3315 1173 3395 adi
1202 3313 1275 3397 XI
1302 3317 1344 3399 di

461 3442 653 3551 Febmio,
681 3444 841 3527 secondo
866 3447 961 3529 l'uso
986 3446 1206 3530 Fiorentino
1237 3476 1274 3527 et
1285 3443 1340 3558 fic

461 3576 500 3656 lo
525 3574 717 3658 domenico
747 3577 846 3660 della
872 3580 1143 3689 septuagesimo
1173 3578 1207 3656 le
1237 3580 1328 3689 qual
1334 3579 1341 3594 '

396 3798 398 3803 ¹
442 3718 445 3723 '
454 3700 598 3817 furono
627 3709 661 3790 le
686 3708 813 3794 ultime
837 3740 902 3790 sue
920 3707 1123 3821 prediche,
1155 3733 1233 3797 etc.
1262 3710 1340 3792 In-

462 3831 575 3919 folio.
