3259 5075
559 614 928 709 Annosnn
1156 631 1204 710 41

329 778 510 868 quibusdam
533 779 741 847 additionibus
748 802 807 868 ptr
826 777 969 845 beurim
991 776 1089 846 virum
1105 774 1210 844 Hein-

260 895 262 904 '
329 898 423 965 ritum
458 898 632 993 Wircrburg
659 898 694 965 de
723 896 808 967 Vaeb
834 895 1027 964 Monachum
1058 896 1093 962 in
1118 896 1210 965 Prio-

274 1037 279 1042 ·
330 1036 399 1083 roret
427 1015 525 1083 Rubei
552 1015 673 1085 Montis
696 1016 814 1086 ordinis
841 1014 1050 1084 cluniacensis
1067 1014 1123 1084 sub
1146 1013 1211 1080 Lo-

259 1159 262 1162 *
329 1135 434 1205 dorico
472 1133 596 1203 Grrterit
633 1135 748 1204 Cornire
780 1133 942 1231 magnifico
976 1156 1063 1201 enno
1093 1133 1213 1203 dorrtt'rti

334 1249 384 1321 M.
415 1250 551 1325 CCCC.
580 1251 756 1342 LXXXI,
789 1274 819 1322 et
844 1277 930 1321 anno
952 1252 1117 1345 precedenti
1136 1247 1213 1339 fue·

333 1391 406 1439 runt
432 1395 585 1462 aquarum
621 1373 839 1440 inundationes
876 1373 1022 1441 maxine
1051 1389 1214 1461 tenuesque

334 1487 485 1558 borribibes
513 1493 612 1558 multo
639 1490 755 1580 edificia
779 1491 987 1562 subvertentes.

381 1627 479 1699 Caret
499 1629 685 1725 signaturis,
708 1631 847 1702 numeris
871 1649 902 1700 et
925 1626 1118 1700 custodibus.
1142 1624 1215 1696 Ali-i

334 1765 411 1844 qnot
427 1748 522 1821 habet
539 1749 650 1845 figuras
669 1750 756 1845 ligno
771 1750 903 1836 incisas,
922 1767 954 1820 et
968 1747 1050 1818 facta
1066 1745 1215 1817 historica

333 1863 476 1938 desinunt
504 1890 577 1939 cum
611 1893 697 1939 anno
730 1891 834 1964 1477.
873 1865 958 1939 Vide
990 1865 1030 1937 de
1056 1864 1116 1935 hac
1146 1862 1215 1936 edi·

333 1982 420 2052 tione
440 1984 576 2080 Prosper
601 1984 784 2057 Marchand
800 1987 922 2057 histoire
940 1987 976 2054 de
990 1983 1216 2076 l’irnprimerie,

326 2125 402 2196 pag.
429 2123 499 2201 753
524 2101 580 2173 sed
602 2122 637 2175 ut
659 2103 802 2200 apprimb
829 2105 978 2175 observat
1001 2102 1097 2173 abbas
1119 2098 1159 2171 de
1181 2096 1217 2173 S.

334 2217 434 2314 Leger
446 2273 457 2306 ,
484 2227 630 2314 supplem.
659 2220 680 2291 d
709 2224 913 2311 Marebnnd,
936 2247 1013 2320 pag.
1041 2219 1117 2314 89,
1146 2221 1220 2289 haec

334 2337 519 2433 subscriptio
537 2336 687 2435 probaret
711 2340 815 2436 potiiis
840 2341 1012 2412 editionem
1029 2339 1121 2410 fuisse
1139 2361 1219 2408 auc·

335 2472 398 2524 tam
424 2446 462 2526 'et
488 2477 667 2529 correctam
689 2459 722 2527 in
747 2457 866 2529 Rubeo
892 2457 1008 2526 Monte
1037 2453 1134 2551 quim
1160 2455 1219 2522 im·

334 2599 482 2667 pressam.
522 2577 558 2647 In
604 2579 753 2673 catalogo
786 2579 818 2647 ln
852 2576 993 2648 Vallibre
1030 2574 1091 2646 N⁰.
1122 2591 1220 2671 4557

334 2692 467 2787 legitur:
478 2693 668 2785 fasciculum
685 2696 766 2765 bunc
783 2721 851 2765 curn
866 2696 1074 2764 additionibus
1093 2689 1221 2759 Henriei

318 2811 370 2878 'dt
389 2815 565 2910 Wirerburg
575 2812 679 2901 fuisse
694 2816 784 2883 etiarn
802 2814 935 2883 Coloniae
951 2813 1005 2880 boe
1020 2835 1106 2880 anno
1125 2807 1214 2899 1481

336 2930 524 3021 impressum.

384 3049 418 3117 ln
443 3049 502 3120 hac
527 3048 667 3121 editione
697 3049 738 3121 ad
759 3077 880 3123 annum
909 3071 1022 3150 1457,
1045 3046 1219 3119 maximum

337 3186 384 3235 est
405 3168 589 3239 encomium
605 3168 982 3269 Typographicae.artis‚
1006 3168 1052 3238 his
1069 3166 1218 3262 incipiens

337 3287 441 3355 verbis
456 3315 465 3359 τ
486 3290 633 3357 librorum
652 3292 860 3381 impressionis
876 3290 1001 3357 seientia
1019 3287 1220 3356 subtilissima

337 3408 478 3474 omnibns
503 3410 609 3476 seculis
631 3410 774 3477 inaudita
805 3411 883 3476 eirca
904 3406 964 3475 hac
985 3426 1119 3498 tempora
1142 3428 1222 3495 repe⁴

336 3527 414 3594 ritur
438 3530 472 3596 in
498 3530 569 3597 urbe
590 3526 793 3625 Mogontina.
825 3528 906 3601 Huc
926 3549 972 3597 est
995 3552 1048 3595 ars
1075 3527 1218 3613 artium,

338 3646 461 3714 scientia
482 3648 702 3734 scientiarum,
726 3665 788 3718 etc.

291 3888 341 3947 11
373 3861 568 3948 Comedia
593 3861 658 3950 del
687 3865 828 3953 divino
854 3890 983 3979 poetae
1015 3863 1220 3949 Fiorenti·
