3259 5075
322 576 391 654 108
586 578 650 650 LI
674 580 699 649 Β
724 578 756 648 R
779 579 794 648 I
842 577 864 647 S
890 579 926 649 U
950 572 977 648 B

381 757 526 867 1487,
559 752 619 836 die
644 750 709 857 ‚X
715 753 760 837 V
800 751 1038 870 Decembris.
1084 741 1133 841 In
1149 805 1167 820 ·
1183 776 1249 861 4⁰.'

324 975 376 1050 14
397 946 540 1032 AEneae
564 942 676 1031 silvii
699 970 839 1056 postea
860 947 921 1030 Pii
941 947 1056 1061 Papae
1080 951 1121 1032 II
1142 955 1245 1062 epis·
1278 1058 1280 1060 v

376 1077 470 1163 tolae
485 1102 524 1162 et
541 1082 743 1163 orationes
759 1084 802 1164 in
817 1076 1054 1193 pontificatu
1070 1087 1243 1194 scriptae.

377 1207 544 1293 In-fol.
599 1252 602 1256 >

276 1468 278 1473 .
413 1399 451 1471 ln
475 1402 537 1474 fine
561 1401 695 1498 legitur:
718 1406 775 1475 bas
802 1407 857 1475 Pii
881 1407 1003 1476 secundi
1029 1409 1125 1479 Pons.
1154 1416 1246 1478 max?

366 1521 509 1612 epistolas
531 1547 625 1614 quam
647 1524 870 1618 diligentissime
896 1528 1060 1621 castigatas
1081 1526 1245 1594 Antonius

366 1640 523 1709 lamnas
545 1641 695 1731 impressit
715 1618 805 1732 opii
828 1664 857 1710 a
876 1645 1027 1734 impendio
1048 1641 1165 1715 nias.
1186 1643 1245 1711 Pe-

365 1759 407 1826 tri
415 1758 618 1827 Novariemis
628 1783 714 1829 anno
725 1761 807 1830 dom.
824 1757 874 1829 M.
889 1758 1024 1830 CCCC.
1036 1758 1247 1831 LXXXYH.

367 1873 520 1943 Octobris.
542 1872 707 1946 Omittitur
725 1873 791 1946 dies
807 1876 919 1946 menis.

412 2046 497 2120 Duo
508 2050 771 2146 sequuntuniolia
789 2077 861 2148 quae
878 2052 1028 2124 exhibent
1043 2051 1148 2123 titulos
1161 2050 1244 2146 epis-

364 2165 501 2237 nolarum
529 2184 562 2238 et
593 2168 758 2263 registrum
792 2170 1030 2264 signaturarum.
1067 2167 1243 2240 Character

363 2302 413 2354 est
439 2284 596 2379 elegans3
626 2305 657 2356 et
689 2296 752 2357 una
783 2305 831 2357 est
863 2287 1062 2384 reimpressio
1097 2285 1243 2357 editionis

364 2398 461 2493 ejusd.
487 2401 700 2503 Typographi
721 2406 801 2474 anni
829 2427 932 2502 1473.

158 2581 172 2614 ³
288 2588 292 2595 ’
318 2622 365 2714 15
396 2602 579 2690 Victoria
603 2604 715 2687 verbi
739 2603 804 2687 dei
827 2601 1017 2689 volumen
1047 2600 1242 2715 originale

367 2732 538 2843 Ruperti
555 2732 740 2816 'Abbatis
765 2734 992 2817 Tuiciensis
1020 2760 1137 2815 sacrae
1166 2762 1240 2841 pa-

368 2866 474 2980 ginae
506 2866 744 2975 professoris
783 2867 968 2979 egregii,
999 2889 1242 2947 sacramenta

369 2994 643 3081 Pentateucon
672 3020 986 3107 caeterorumque
1020 3000 1162 3079 veteris
1193 3025 1241 3078 ac

273 3210 276 3216 ,
368 3156 495 3213 novoe
518 3125 619 3241 legis
639 3124 834 3212 librorum
852 3125 1011 3212 occulta
1036 3132 1079 3208 in
1106 3122 1243 3209 trede-

304 3308 306 3311 >
368 3267 448 3346 cim
492 3259 617 3358 libros
665 3260 851 3360 divisum.
907 3259 1131 3373 Impressum
1172 3291 1245 3373 per

367 3392 542 3479 Antion.
571 3390 675 3507 Sorg
694 3395 809 3475 civem
837 3392 1113 3504 Augustensem
1139 3421 1239 3471 anno
1289 3494 1291 3496 ‚

355 3528 468 3627 dom.
502 3529 623 3638 1487.
657 3522 798 3608 In-fol.
833 3552 929 3608 veau
958 3507 1086 3607 faune.

340 3738 344 3747 ·
408 3715 581 3786 Character
607 3714 695 3811 goth.
721 3712 809 3783 Folia
833 3712 991 3806 signantur
1013 3728 1045 3780 et
1066 3734 1239 3783 numeran-

361 3848 403 3904 τα
422 3834 450 3902 C
468 3836 510 3906 V.
533 3831 639 3906 Editio
661 3832 818 3931 originalis
839 3829 908 3902 libri
932 3828 1103 3928 singularis.
