3259 5075
535 511 1021 594 MANUSCRIPTI.
1162 540 1229 613 301

355 673 490 745 nouvelle
505 672 638 744 biblioth.
650 672 818 756 Franqoise
831 673 867 740 de
880 671 1070 760 Duverdier,
1086 672 1175 749 Tom.
1184 679 1235 764 V,
1257 654 1262 664 ¹

234 844 248 870 ,
351 817 426 887 pag.
455 789 535 879 284.

269 991 270 994 ‘
306 1009 361 1100 45
394 988 546 1071 Heures
574 1016 596 1069 a
623 982 775 1103 lusaige
796 984 858 1071 -de
892 976 1025 1073 Rome
1060 1015 1152 1075 tout
1185 1020 1237 1075 au

366 1117 469 1236 long
490 1147 580 1205 sans
600 1124 706 1202 riens
729 1116 920 1230 requerir.
950 1121 1239 1205 Nouvellemem

365 1255 573 1366 imprime'es
600 1285 623 1332 a
649 1251 766 1332 Paris
788 1283 892 1363 pour
917 1250 1097 1337 Germain
1124 1253 1237 1338 Har-

364 1386 481 1468 douin
506 1382 685 1490 libraire,
713 1380 850 1492 (circa
875 1382 1025 1496 1520.)
1050 1389 1100 1471 In
1118 1414 1238 1474 mem·

361 1518 517 1602 branis.
545 1517 684 1600 In-16.
711 1545 765 1599 m.
795 1543 831 1598 r.

408 1708 458 1781 Ex
476 1688 839 1798 characteterotundO,
865 1726 897 1780 et
920 1734 994 1782 cum
1011 1709 1115 1781 multis
1137 1680 1242 1804 ligaris

361 1845 395 1898 et
417 1828 555 1923 picturis.
1013 1834 1015 1838 ‘

312 2029 370 2136 '46
396 2025 519 2112 Liber
545 2054 720 2136 precum.
750 2029 882 2141 10-40.
911 2023 981 2111 rel.
1007 2043 1063 2111 en¹
1079 2026 1186 2112 bois.

414 2213 534 2285 Codex
560 2216 882 2314 membraneustapi.
906 2214 1024 2301 seculi,
1048 2240 1088 2287 ex
1115 2215 1248 2288 characae

364 2351 431 2401 tere
454 2333 488 2399 de
502 2329 630 2419 forme,
651 2355 725 2400 cum
753 2353 792 2428 15
819 2331 946 2424 picturis
968 2332 1090 2404 eximiae
1118 2357 1247 2405 conser-

363 2448 501 2518 vationis
521 2467 552 2517 et
570 2448 744 2542 elegantiae.
767 2447 892 2521 Litterae
912 2450 1081 2544 capitales,
1099 2451 1158 2521 illae
1174 2476 1246 2547 quae
1362 2499 1364 2503 -

366 2562 539 2634 tourneures
569 2565 788 2659 appellantur,
813 2591 893 2636 auro
919 2566 1014 2639 etiam
1036 2586 1069 2637 et
1092 2566 1246 2639 vividissi-

350 2684 424 2768 mis
446 2681 607 2753 coloribus
634 2680 768 2775 depictae
788 2702 888 2755 sunt·
913 2702 916 2709 ·

412 2800 450 2870 In
466 2800 529 2869 fine
547 2795 638 2888 hujus
658 2819 766 2869 extant
786 2800 933 2897 quaedam
950 2802 1110 2876 orationes
1127 2802 1168 2876 ad
1183 2802 1248 2875 vir·

366 2917 472 3014 ginem
495 2942 566 3013 quae
587 2916 693 3017 metris
713 2917 845 2996 Gallicis
864 2922 1090 3017 exprimuntur.

339 3053 341 3062 ι

317 3135 374 3230 '47
403 3114 526 3331 Lilber
545 3142 717 3226 precum.
741 3117 877 3203 In·80.
898 3118 1248 3234 majori,·velour's

374 3278 443 3336 vio
461 3276 513 3332 et.

416 3419 501 3489 Inter
528 3420 774 3516 elegantissimos
796 3418 925 3492 codices
953 3422 1144 3493 recentiores
1170 3449 1250 3519 prae·
1351 3500 1353 3502 ,
1472 3443 1474 3446 ’

371 3561 442 3606 sens
467 3556 573 3632 potest
602 3539 770 3610 recenseri.
807 3538 915 3608 Habet
946 3561 992 3632 39
1020 3539 1155 3631 picturas
1184 3540 1252 3610 exi-

371 3652 476 3743 mias,
498 3676 531 3726 et
554 3676 665 3751 ptaeter
687 3657 802 3727 litteras
831 3678 1031 3743 musaeum,
1052 3655 1186 3728 viticulae
1209 3682 1250 3727 ac
1294 3699 1296 3703 ·

356 3754 467 3843 ¹flores
505 3799 583 3847 auro
617 3794 650 3849 et
689 3775 850 3869 coloribus
889 3771 1085 3858 vividissimis
1116 3754 1250 3870 depicta:
1323 3804 1326 3814 ¹
1373 3875 1375 3879 Α
