<?xml version="1.0" encoding="UTF-8"?>
<!DOCTYPE html PUBLIC "-//W3C//DTD XHTML 1.0 Transitional//EN"
    "http://www.w3.org/TR/xhtml1/DTD/xhtml1-transitional.dtd">
<html xmlns="http://www.w3.org/1999/xhtml" xml:lang="en" lang="en">
 <head>
  <title>
</title>
<meta http-equiv="Content-Type" content="text/html;charset=utf-8" />
  <meta name='ocr-system' content='tesseract 3.04.00' />
  <meta name='ocr-capabilities' content='ocr_page ocr_carea ocr_par ocr_line ocrx_word'/>
</head>
<body>
  <div class='ocr_page' id='page_1' title='image "./indexlibrorumab02lairgoog_0152.png"; bbox 0 0 3259 5075; ppageno 0'>
   <div class='ocr_carea' id='block_1_1' title="bbox 430 536 1127 634">
    <p class='ocr_par' dir='ltr' id='par_1_1' title="bbox 430 536 1127 634">
     <span class='ocr_line' id='line_1_1' title="bbox 430 536 1127 634; baseline -0.003 -18"><span class='ocrx_word' id='word_1_1' title='bbox 430 544 504 634; x_wconf 74' lang='lat'>²146</span> <span class='ocrx_word' id='word_1_2' title='bbox 660 539 748 612; x_wconf 87' lang='lat' dir='ltr'><strong>LIB.</strong></span> <span class='ocrx_word' id='word_1_3' title='bbox 773 536 836 609; x_wconf 82' lang='lat' dir='ltr'>AB</span> <span class='ocrx_word' id='word_1_4' title='bbox 861 537 983 613; x_wconf 82' lang='lat' dir='ltr'><strong>ANN.</strong></span> <span class='ocrx_word' id='word_1_5' title='bbox 1014 558 1127 634; x_wconf 68' lang='lat'>1490,</span> 
     </span>
    </p>
   </div>
   <div class='ocr_carea' id='block_1_2' title="bbox 377 695 1354 1502">
    <p class='ocr_par' dir='ltr' id='par_1_2' title="bbox 474 695 1354 1383">
     <span class='ocr_line' id='line_1_2' title="bbox 477 695 1352 793; baseline 0.001 -23"><span class='ocrx_word' id='word_1_6' title='bbox 477 722 567 770; x_wconf 93' lang='lat' dir='ltr'>mum</span> <span class='ocrx_word' id='word_1_7' title='bbox 600 695 698 793; x_wconf 85' lang='lat' dir='ltr'>egisse</span> <span class='ocrx_word' id='word_1_8' title='bbox 728 715 840 769; x_wconf 87' lang='lat' dir='ltr'>contra</span> <span class='ocrx_word' id='word_1_9' title='bbox 868 696 991 768; x_wconf 89' lang='lat' dir='ltr'>bonum</span> <span class='ocrx_word' id='word_1_10' title='bbox 1021 697 1214 793; x_wconf 63' lang='lat' dir='ltr'>publicum}</span> <span class='ocrx_word' id='word_1_11' title='bbox 1241 710 1352 771; x_wconf 87' lang='lat' dir='ltr'>contra&#39;</span> 
     </span>
     <span class='ocr_line' id='line_1_3' title="bbox 478 814 1352 910; baseline -0.002 -22"><span class='ocrx_word' id='word_1_12' title='bbox 478 816 683 905; x_wconf 83' lang='lat' dir='ltr'>charitatem,</span> <span class='ocrx_word' id='word_1_13' title='bbox 706 833 739 887; x_wconf 93' lang='lat' dir='ltr'>et</span> <span class='ocrx_word' id='word_1_14' title='bbox 765 833 877 886; x_wconf 83' lang='lat' dir='ltr'>contra</span> <span class='ocrx_word' id='word_1_15' title='bbox 899 814 1112 886; x_wconf 83' lang='lat' dir='ltr'>obedientiam</span> <span class='ocrx_word' id='word_1_16' title='bbox 1141 816 1352 910; x_wconf 86' lang='lat' dir='ltr'>superioribus</span> 
     </span>
     <span class='ocr_line' id='line_1_4' title="bbox 476 931 1353 1028; baseline -0.002 -22"><span class='ocrx_word' id='word_1_17' title='bbox 476 935 637 1022; x_wconf 86' lang='lat' dir='ltr'>debitam;</span> <span class='ocrx_word' id='word_1_18' title='bbox 661 951 693 1004; x_wconf 90' lang='lat' dir='ltr'>et</span> <span class='ocrx_word' id='word_1_19' title='bbox 717 931 845 1026; x_wconf 86' lang='lat' dir='ltr'>tandem</span> <span class='ocrx_word' id='word_1_20' title='bbox 870 931 1031 1005; x_wconf 87' lang='lat' dir='ltr'>concludit</span> <span class='ocrx_word' id='word_1_21' title='bbox 1056 935 1159 1028; x_wconf 89' lang='lat' dir='ltr'>ipsum</span> <span class='ocrx_word' id='word_1_22' title='bbox 1180 934 1273 1005; x_wconf 89' lang='lat' dir='ltr'>fuisse</span> <span class='ocrx_word' id='word_1_23' title='bbox 1300 935 1353 1004; x_wconf 88' lang='lat' dir='ltr'>in·</span> 
     </span>
     <span class='ocr_line' id='line_1_5' title="bbox 474 1051 1354 1153; baseline -0.002 -31"><span class='ocrx_word' id='word_1_24' title='bbox 474 1053 624 1153; x_wconf 84' lang='lat' dir='ltr'>fidelem,</span> <span class='ocrx_word' id='word_1_25' title='bbox 644 1051 821 1142; x_wconf 83' lang='lat' dir='ltr'>infamem,</span> <span class='ocrx_word' id='word_1_26' title='bbox 847 1068 1023 1148; x_wconf 88' lang='lat' dir='ltr'>apostatam</span> <span class='ocrx_word' id='word_1_27' title='bbox 1048 1077 1085 1123; x_wconf 87' lang='lat' dir='ltr'>ac</span> <span class='ocrx_word' id='word_1_28' title='bbox 1109 1052 1354 1124; x_wconf 85' lang='lat' dir='ltr'>schismaticum.¹</span> 
     </span>
     <span class='ocr_line' id='line_1_6' title="bbox 524 1169 1351 1266; baseline -0.004 -24"><span class='ocrx_word' id='word_1_29' title='bbox 524 1169 727 1265; x_wconf 89' lang='lat' dir='ltr'>Opusculum</span> <span class='ocrx_word' id='word_1_30' title='bbox 742 1188 867 1242; x_wconf 88' lang='lat' dir='ltr'>constat</span> <span class='ocrx_word' id='word_1_31' title='bbox 896 1194 940 1260; x_wconf 87' lang='lat'>14</span> <span class='ocrx_word' id='word_1_32' title='bbox 962 1170 1067 1256; x_wconf 87' lang='lat' dir='ltr'>foliis,</span> <span class='ocrx_word' id='word_1_33' title='bbox 1090 1170 1210 1266; x_wconf 88' lang='lat' dir='ltr'>fuitque</span> <span class='ocrx_word' id='word_1_34' title='bbox 1235 1169 1351 1239; x_wconf 81' lang='lat' dir='ltr'>Romae</span> 
     </span>
     <span class='ocr_line' id='line_1_7' title="bbox 476 1287 1349 1383; baseline -0.002 -25"><span class='ocrx_word' id='word_1_35' title='bbox 476 1289 509 1358; x_wconf 90' lang='lat' dir='ltr'>in</span> <span class='ocrx_word' id='word_1_36' title='bbox 532 1314 648 1383; x_wconf 89' lang='lat' dir='ltr'>campo</span> <span class='ocrx_word' id='word_1_37' title='bbox 671 1289 772 1359; x_wconf 88' lang='lat' dir='ltr'>Florae</span> <span class='ocrx_word' id='word_1_38' title='bbox 794 1288 878 1360; x_wconf 86' lang='lat' dir='ltr'>circa</span> <span class='ocrx_word' id='word_1_39' title='bbox 903 1287 994 1381; x_wconf 88' lang='lat'>1498</span> <span class='ocrx_word' id='word_1_40' title='bbox 1017 1289 1212 1382; x_wconf 88' lang='lat' dir='ltr'>impressum.</span> <span class='ocrx_word' id='word_1_41' title='bbox 1240 1288 1349 1382; x_wconf 88' lang='lat' dir='ltr'>Opus·</span> 
     </span>
    </p>

    <p class='ocr_par' dir='ltr' id='par_1_3' title="bbox 377 1395 1295 1502">
     <span class='ocr_line' id='line_1_8' title="bbox 377 1395 1295 1502; baseline -0.004 -24"><span class='ocrx_word' id='word_1_42' title='bbox 377 1395 380 1400; x_wconf 47' lang='grc'><strong>’</strong></span> <span class='ocrx_word' id='word_1_43' title='bbox 473 1407 581 1478; x_wconf 89' lang='lat' dir='ltr'>culum</span> <span class='ocrx_word' id='word_1_44' title='bbox 603 1407 790 1478; x_wconf 86' lang='lat' dir='ltr'>rarissimum</span> <span class='ocrx_word' id='word_1_45' title='bbox 814 1425 846 1478; x_wconf 94' lang='lat' dir='ltr'>et</span> <span class='ocrx_word' id='word_1_46' title='bbox 867 1407 904 1481; x_wconf 89' lang='grc' dir='ltr'>Ρ.</span> <span class='ocrx_word' id='word_1_47' title='bbox 926 1404 1116 1502; x_wconf 85' lang='lat' dir='ltr'>Audiffredy</span> <span class='ocrx_word' id='word_1_48' title='bbox 1141 1406 1295 1501; x_wconf 87' lang='lat' dir='ltr'>ignotum.</span> 
     </span>
    </p>
   </div>
   <div class='ocr_carea' id='block_1_3' title="bbox 420 1596 1354 2001">
    <p class='ocr_par' dir='ltr' id='par_1_4' title="bbox 420 1596 1354 2001">
     <span class='ocr_line' id='line_1_9' title="bbox 425 1596 1354 1736; baseline -0.006 -28"><span class='ocrx_word' id='word_1_49' title='bbox 425 1624 482 1736; x_wconf 84' lang='lat'>46</span> <span class='ocrx_word' id='word_1_50' title='bbox 494 1596 726 1709; x_wconf 83' lang='lat' dir='ltr'>Psalterium</span> <span class='ocrx_word' id='word_1_51' title='bbox 740 1609 923 1708; x_wconf 86' lang='lat' dir='ltr'>Graecum</span> <span class='ocrx_word' id='word_1_52' title='bbox 943 1653 1034 1709; x_wconf 88' lang='lat' dir='ltr'>cum</span> <span class='ocrx_word' id='word_1_53' title='bbox 1051 1618 1222 1735; x_wconf 70' lang='lat' dir='ltr'>epistoli</span> <span class='ocrx_word' id='word_1_54' title='bbox 1241 1621 1354 1703; x_wconf 80' lang='lat' dir='ltr'>Grae⁴</span> 
     </span>
     <span class='ocr_line' id='line_1_10' title="bbox 480 1752 1349 1866; baseline -0.002 -28"><span class='ocrx_word' id='word_1_55' title='bbox 480 1755 528 1839; x_wconf 74' lang='lat' dir='ltr'>cd</span> <span class='ocrx_word' id='word_1_56' title='bbox 553 1757 702 1844; x_wconf 91' lang='lat' dir='ltr'>Justini</span> <span class='ocrx_word' id='word_1_57' title='bbox 731 1754 911 1866; x_wconf 77' lang='lat' dir='ltr'>Deeadyi</span> <span class='ocrx_word' id='word_1_58' title='bbox 931 1752 982 1840; x_wconf 87' lang='lat' dir='ltr'>ad</span> <span class='ocrx_word' id='word_1_59' title='bbox 1000 1753 1208 1866; x_wconf 81' lang='lat' dir='ltr'>populares</span> <span class='ocrx_word' id='word_1_60' title='bbox 1238 1782 1349 1839; x_wconf 88' lang='lat' dir='ltr'>suos.</span> 
     </span>
     <span class='ocr_line' id='line_1_11' title="bbox 420 1886 1140 2001; baseline 0.004 -32"><span class='ocrx_word' id='word_1_61' title='bbox 420 1899 423 1903; x_wconf 81' lang='grc'><strong>’</strong></span> <span class='ocrx_word' id='word_1_62' title='bbox 481 1886 600 2001; x_wconf 83' lang='lat' dir='ltr'>Impr.</span> <span class='ocrx_word' id='word_1_63' title='bbox 636 1889 806 1974; x_wconf 81' lang='lat' dir='ltr'>Veneriis</span> <span class='ocrx_word' id='word_1_64' title='bbox 830 1887 971 1971; x_wconf 81' lang='lat' dir='ltr'>Aldus.</span> <span class='ocrx_word' id='word_1_65' title='bbox 1005 1890 1140 1999; x_wconf 89' lang='lat' dir='ltr'><strong>In·4⁰.</strong></span> 
     </span>
    </p>
   </div>
   <div class='ocr_carea' id='block_1_4' title="bbox 385 2070 1476 3000">
    <p class='ocr_par' dir='ltr' id='par_1_5' title="bbox 523 2070 1355 2177">
     <span class='ocr_line' id='line_1_12' title="bbox 523 2070 1355 2177; baseline 0.004 -30"><span class='ocrx_word' id='word_1_66' title='bbox 523 2070 619 2151; x_wconf 83' lang='lat' dir='ltr'>Circa</span> <span class='ocrx_word' id='word_1_67' title='bbox 649 2103 767 2148; x_wconf 92' lang='lat' dir='ltr'>annum</span> <span class='ocrx_word' id='word_1_68' title='bbox 810 2098 900 2177; x_wconf 79' lang='lat'>1495</span> <span class='ocrx_word' id='word_1_69' title='bbox 938 2073 1090 2149; x_wconf 71' lang='lat' dir='ltr'>excusum</span> <span class='ocrx_word' id='word_1_70' title='bbox 1119 2077 1218 2174; x_wconf 83' lang='lat' dir='ltr'>vulgd</span> <span class='ocrx_word' id='word_1_71' title='bbox 1248 2078 1355 2150; x_wconf 86' lang='lat' dir='ltr'>existi-</span> 
     </span>
    </p>

    <p class='ocr_par' dir='ltr' id='par_1_6' title="bbox 385 2197 1476 3000">
     <span class='ocr_line' id='line_1_13' title="bbox 385 2197 1357 2292; baseline -0.001 -26"><span class='ocrx_word' id='word_1_72' title='bbox 385 2249 387 2253; x_wconf 61' lang='lat'><em>.</em></span> <span class='ocrx_word' id='word_1_73' title='bbox 475 2209 588 2268; x_wconf 82' lang='lat' dir='ltr'>matur.</span> <span class='ocrx_word' id='word_1_74' title='bbox 603 2197 639 2266; x_wconf 93' lang='lat' dir='ltr'>ln</span> <span class='ocrx_word' id='word_1_75' title='bbox 650 2197 719 2291; x_wconf 90' lang='lat' dir='ltr'>ipso</span> <span class='ocrx_word' id='word_1_76' title='bbox 731 2201 868 2292; x_wconf 83' lang='lat' dir='ltr'>catalogo</span> <span class='ocrx_word' id='word_1_77' title='bbox 880 2198 1001 2266; x_wconf 84' lang='lat' dir='ltr'>Aldine</span> <span class='ocrx_word' id='word_1_78' title='bbox 1020 2199 1226 2288; x_wconf 83' lang='lat' dir='ltr'>manuscripto</span> <span class='ocrx_word' id='word_1_79' title='bbox 1246 2200 1357 2266; x_wconf 86' lang='lat' dir='ltr'>biblio-</span> 
     </span>
     <span class='ocr_line' id='line_1_14' title="bbox 475 2313 1476 2413; baseline 0 -29"><span class='ocrx_word' id='word_1_80' title='bbox 475 2316 560 2385; x_wconf 83' lang='lat' dir='ltr'>thece</span> <span class='ocrx_word' id='word_1_81' title='bbox 581 2317 664 2411; x_wconf 81' lang='lat' dir='ltr'>regie</span> <span class='ocrx_word' id='word_1_82' title='bbox 685 2315 838 2387; x_wconf 83' lang='lat' dir='ltr'>indicatur</span> <span class='ocrx_word' id='word_1_83' title='bbox 861 2316 901 2386; x_wconf 90' lang='lat' dir='ltr'>ab</span> <span class='ocrx_word' id='word_1_84' title='bbox 926 2314 1039 2405; x_wconf 86' lang='lat' dir='ltr'>Aldo,</span> <span class='ocrx_word' id='word_1_85' title='bbox 1063 2317 1181 2413; x_wconf 84' lang='lat' dir='ltr'>absque</span> <span class='ocrx_word' id='word_1_86' title='bbox 1202 2340 1244 2386; x_wconf 89' lang='lat' dir='ltr'>eo</span> <span class='ocrx_word' id='word_1_87' title='bbox 1270 2313 1358 2411; x_wconf 91' lang='lat' dir='ltr'>quod</span> <span class='ocrx_word' id='word_1_88' title='bbox 1430 2384 1434 2395; x_wconf 83' lang='grc'>,</span> <span class='ocrx_word' id='word_1_89' title='bbox 1473 2330 1476 2334; x_wconf 82' lang='grc'><em>“</em></span> 
     </span>
     <span class='ocr_line' id='line_1_15' title="bbox 475 2431 1359 2530; baseline -0.001 -27"><span class='ocrx_word' id='word_1_90' title='bbox 475 2431 653 2528; x_wconf 83' lang='lat' dir='ltr'>designetur</span> <span class='ocrx_word' id='word_1_91' title='bbox 669 2459 768 2504; x_wconf 89' lang='lat' dir='ltr'>annus</span> <span class='ocrx_word' id='word_1_92' title='bbox 790 2459 857 2530; x_wconf 92' lang='lat' dir='ltr'>quo</span> <span class='ocrx_word' id='word_1_93' title='bbox 877 2432 953 2504; x_wconf 92' lang='lat' dir='ltr'>illud</span> <span class='ocrx_word' id='word_1_94' title='bbox 975 2435 1075 2529; x_wconf 73' lang='lat' dir='ltr'>ptaelo</span> <span class='ocrx_word' id='word_1_95' title='bbox 1097 2434 1281 2520; x_wconf 87' lang='lat' dir='ltr'>commisit;</span> <span class='ocrx_word' id='word_1_96' title='bbox 1302 2431 1359 2503; x_wconf 89' lang='lat' dir='ltr'>sed</span> 
     </span>
     <span class='ocr_line' id='line_1_16' title="bbox 474 2550 1356 2650; baseline -0.008 -22"><span class='ocrx_word' id='word_1_97' title='bbox 474 2577 549 2628; x_wconf 82' lang='lat' dir='ltr'>cum</span> <span class='ocrx_word' id='word_1_98' title='bbox 575 2553 634 2623; x_wconf 86' lang='lat' dir='ltr'>hac</span> <span class='ocrx_word' id='word_1_99' title='bbox 657 2552 777 2624; x_wconf 76' lang='lat' dir='ltr'>tantum</span> <span class='ocrx_word' id='word_1_100' title='bbox 801 2551 880 2625; x_wconf 71' lang='lat' dir='ltr'>nord</span> <span class='ocrx_word' id='word_1_101' title='bbox 903 2552 992 2650; x_wconf 91' lang='lat' dir='ltr'>quod</span> <span class='ocrx_word' id='word_1_102' title='bbox 1014 2554 1128 2624; x_wconf 87' lang='lat' dir='ltr'>venale</span> <span class='ocrx_word' id='word_1_103' title='bbox 1158 2554 1250 2624; x_wconf 90' lang='lat' dir='ltr'>fuerit</span> <span class='ocrx_word' id='word_1_104' title='bbox 1271 2550 1356 2646; x_wconf 91' lang='lat' dir='ltr'>apud</span> 
     </span>
     <span class='ocr_line' id='line_1_17' title="bbox 474 2670 1357 2765; baseline -0.003 -26"><span class='ocrx_word' id='word_1_105' title='bbox 474 2670 577 2765; x_wconf 88' lang='lat' dir='ltr'>ipsum</span> <span class='ocrx_word' id='word_1_106' title='bbox 596 2694 656 2763; x_wconf 86' lang='lat' dir='ltr'>pro</span> <span class='ocrx_word' id='word_1_107' title='bbox 678 2670 780 2762; x_wconf 88' lang='lat' dir='ltr'>pretio</span> <span class='ocrx_word' id='word_1_108' title='bbox 797 2673 933 2765; x_wconf 87' lang='lat' dir='ltr'>quatuor</span> <span class='ocrx_word' id='word_1_109' title='bbox 956 2671 1208 2757; x_wconf 88' lang='lat' dir='ltr'>Marcellorum,</span> <span class='ocrx_word' id='word_1_110' title='bbox 1230 2670 1293 2739; x_wconf 89' lang='lat' dir='ltr'>hoc</span> <span class='ocrx_word' id='word_1_111' title='bbox 1311 2686 1357 2737; x_wconf 88' lang='lat' dir='ltr'>est</span> 
     </span>
     <span class='ocr_line' id='line_1_18' title="bbox 476 2784 1441 2884; baseline -0.005 -28"><span class='ocrx_word' id='word_1_112' title='bbox 476 2813 541 2884; x_wconf 87' lang='lat' dir='ltr'>pro</span> <span class='ocrx_word' id='word_1_113' title='bbox 556 2810 600 2856; x_wconf 88' lang='lat'>20</span> <span class='ocrx_word' id='word_1_114' title='bbox 616 2785 731 2857; x_wconf 89' lang='lat' dir='ltr'>solidis.</span> <span class='ocrx_word' id='word_1_115' title='bbox 750 2784 835 2858; x_wconf 91' lang='lat' dir='ltr'>Vide</span> <span class='ocrx_word' id='word_1_116' title='bbox 851 2785 975 2856; x_wconf 87' lang='lat' dir='ltr'>Zanetti</span> <span class='ocrx_word' id='word_1_117' title='bbox 989 2789 1065 2874; x_wconf 16' lang='lat' dir='ltr'>‘delle</span> <span class='ocrx_word' id='word_1_118' title='bbox 1081 2808 1195 2854; x_wconf 82' lang='lat' dir='ltr'>monete</span> <span class='ocrx_word' id='word_1_119' title='bbox 1214 2786 1357 2873; x_wconf 55' lang='lat' dir='ltr'>ficulla,</span> <span class='ocrx_word' id='word_1_120' title='bbox 1439 2806 1441 2808; x_wconf 87' lang='lat'>·</span> 
     </span>
     <span class='ocr_line' id='line_1_19' title="bbox 477 2901 843 3000; baseline 0.005 -27"><span class='ocrx_word' id='word_1_121' title='bbox 477 2904 567 2976; x_wconf 81' lang='lat' dir='ltr'>Tem.</span> <span class='ocrx_word' id='word_1_122' title='bbox 588 2905 642 2972; x_wconf 90' lang='lat' dir='ltr'>IV</span> <span class='ocrx_word' id='word_1_123' title='bbox 651 2929 730 2997; x_wconf 80' lang='lat' dir='ltr'>pag.</span> <span class='ocrx_word' id='word_1_124' title='bbox 757 2901 843 3000; x_wconf 80' lang='lat'><strong>458.</strong></span> 
     </span>
    </p>
   </div>
   <div class='ocr_carea' id='block_1_5' title="bbox 386 3055 1474 3857">
    <p class='ocr_par' dir='ltr' id='par_1_7' title="bbox 386 3055 1474 3857">
     <span class='ocr_line' id='line_1_20' title="bbox 522 3055 1357 3152; baseline 0 -24"><span class='ocrx_word' id='word_1_125' title='bbox 522 3057 630 3128; x_wconf 89' lang='lat' dir='ltr'>Habet</span> <span class='ocrx_word' id='word_1_126' title='bbox 649 3056 845 3152; x_wconf 85' lang='lat' dir='ltr'>signaturas,</span> <span class='ocrx_word' id='word_1_127' title='bbox 867 3055 1029 3152; x_wconf 85' lang='lat' dir='ltr'>registrum</span> <span class='ocrx_word' id='word_1_128' title='bbox 1049 3084 1086 3129; x_wconf 88' lang='lat' dir='ltr'>ac</span> <span class='ocrx_word' id='word_1_129' title='bbox 1109 3055 1278 3146; x_wconf 88' lang='lat' dir='ltr'>custodes,</span> <span class='ocrx_word' id='word_1_130' title='bbox 1300 3058 1357 3129; x_wconf 90' lang='lat' dir='ltr'>sed</span> 
     </span>
     <span class='ocr_line' id='line_1_21' title="bbox 475 3167 1474 3271; baseline -0.003 -24"><span class='ocrx_word' id='word_1_131' title='bbox 475 3202 543 3247; x_wconf 93' lang='lat' dir='ltr'>non</span> <span class='ocrx_word' id='word_1_132' title='bbox 564 3194 767 3245; x_wconf 88' lang='lat' dir='ltr'>numerantur</span> <span class='ocrx_word' id='word_1_133' title='bbox 790 3175 877 3245; x_wconf 87' lang='lat' dir='ltr'>folia.</span> <span class='ocrx_word' id='word_1_134' title='bbox 908 3167 1032 3246; x_wconf 83' lang='lat' dir='ltr'>Litterae</span> <span class='ocrx_word' id='word_1_135' title='bbox 1053 3174 1244 3271; x_wconf 71' lang='lat' dir='ltr'>‘principales</span> <span class='ocrx_word' id='word_1_136' title='bbox 1266 3176 1355 3269; x_wconf 93' lang='lat' dir='ltr'>ligno</span> <span class='ocrx_word' id='word_1_137' title='bbox 1471 3192 1474 3197; x_wconf 88' lang='grc'><strong>’</strong></span> 
     </span>
     <span class='ocr_line' id='line_1_22' title="bbox 476 3289 1358 3389; baseline -0.005 -23"><span class='ocrx_word' id='word_1_138' title='bbox 476 3295 582 3367; x_wconf 85' lang='lat' dir='ltr'>incisae</span> <span class='ocrx_word' id='word_1_139' title='bbox 595 3300 685 3383; x_wconf 76' lang='lat' dir='ltr'>sunt,&#39;</span> <span class='ocrx_word' id='word_1_140' title='bbox 701 3294 780 3365; x_wconf 91' lang='lat' dir='ltr'>sicut</span> <span class='ocrx_word' id='word_1_141' title='bbox 795 3312 826 3365; x_wconf 86' lang='lat' dir='ltr'>et</span> <span class='ocrx_word' id='word_1_142' title='bbox 843 3294 875 3363; x_wconf 92' lang='lat' dir='ltr'>in</span> <span class='ocrx_word' id='word_1_143' title='bbox 894 3294 1049 3389; x_wconf 90' lang='lat' dir='ltr'>principio</span> <span class='ocrx_word' id='word_1_144' title='bbox 1064 3289 1228 3382; x_wconf 83' lang='lat' dir='ltr'>cujuslibet</span> <span class='ocrx_word' id='word_1_145' title='bbox 1245 3291 1358 3387; x_wconf 84' lang='lat' dir='ltr'>psalmi</span> 
     </span>
     <span class='ocr_line' id='line_1_23' title="bbox 476 3412 1361 3509; baseline -0.006 -25"><span class='ocrx_word' id='word_1_146' title='bbox 476 3413 611 3485; x_wconf 82' lang='lat' dir='ltr'>viticulee</span> <span class='ocrx_word' id='word_1_147' title='bbox 636 3422 707 3509; x_wconf 74' lang='lat' dir='ltr'>quae</span> <span class='ocrx_word' id='word_1_148' title='bbox 729 3412 841 3508; x_wconf 70' lang='lat' dir='ltr'>gallice</span> <span class='ocrx_word' id='word_1_149' title='bbox 867 3416 1012 3509; x_wconf 80' lang='lat' dir='ltr'>viguettes</span> <span class='ocrx_word' id='word_1_150' title='bbox 1035 3412 1254 3507; x_wconf 77' lang='lat' dir='ltr'>appellantur,</span> <span class='ocrx_word' id='word_1_151' title='bbox 1279 3436 1361 3505; x_wconf 87' lang='lat' dir='ltr'>qua-</span> 
     </span>
     <span class='ocr_line' id='line_1_24' title="bbox 473 3526 1361 3625; baseline -0.007 -23"><span class='ocrx_word' id='word_1_152' title='bbox 473 3557 544 3602; x_wconf 89' lang='lat' dir='ltr'>rum</span> <span class='ocrx_word' id='word_1_153' title='bbox 568 3557 658 3625; x_wconf 83' lang='lat' dir='ltr'>usum</span> <span class='ocrx_word' id='word_1_154' title='bbox 683 3530 799 3624; x_wconf 87' lang='lat' dir='ltr'>primus</span> <span class='ocrx_word' id='word_1_155' title='bbox 822 3531 1021 3625; x_wconf 85' lang='lat' dir='ltr'>excogitavit</span> <span class='ocrx_word' id='word_1_156' title='bbox 1043 3528 1154 3601; x_wconf 83' lang='lat' dir='ltr'>Aldus.</span> <span class='ocrx_word' id='word_1_157' title='bbox 1183 3526 1268 3600; x_wconf 90' lang='lat' dir='ltr'>Vide</span> <span class='ocrx_word' id='word_1_158' title='bbox 1290 3530 1361 3597; x_wconf 83' lang='lat' dir='ltr'>serie</span> 
     </span>
     <span class='ocr_line' id='line_1_25' title="bbox 474 3643 1362 3748; baseline 0 -32"><span class='ocrx_word' id='word_1_159' title='bbox 474 3652 536 3718; x_wconf 84' lang='lat' dir='ltr'>dell</span> <span class='ocrx_word' id='word_1_160' title='bbox 546 3652 674 3748; x_wconf 64' lang='lat' dir='ltr'>edgioni</span> <span class='ocrx_word' id='word_1_161' title='bbox 690 3650 807 3717; x_wconf 80' lang='lat' dir='ltr'>Aldine</span> <span class='ocrx_word' id='word_1_162' title='bbox 825 3675 866 3718; x_wconf 86' lang='lat' dir='ltr'>ex</span> <span class='ocrx_word' id='word_1_163' title='bbox 883 3652 1011 3718; x_wconf 80' lang='lat' dir='ltr'>editione</span> <span class='ocrx_word' id='word_1_164' title='bbox 1027 3648 1154 3718; x_wconf 76' lang='lat' dir='ltr'>Pisauri</span> <span class='ocrx_word' id='word_1_165' title='bbox 1165 3673 1243 3742; x_wconf 80' lang='lat' dir='ltr'>pag.</span> <span class='ocrx_word' id='word_1_166' title='bbox 1268 3643 1362 3744; x_wconf 79' lang='lat'>258,</span> 
     </span>
     <span class='ocr_line' id='line_1_26' title="bbox 386 3765 849 3857; baseline 0.004 -23"><span class='ocrx_word' id='word_1_167' title='bbox 386 3770 389 3777; x_wconf 79' lang='grc'>’</span> <span class='ocrx_word' id='word_1_168' title='bbox 476 3784 509 3833; x_wconf 89' lang='lat' dir='ltr'>et</span> <span class='ocrx_word' id='word_1_169' title='bbox 531 3765 641 3835; x_wconf 85' lang='lat' dir='ltr'>Pinelli</span> <span class='ocrx_word' id='word_1_170' title='bbox 667 3765 728 3836; x_wconf 63' lang='grc' dir='ltr'>ΝΟ.</span> <span class='ocrx_word' id='word_1_171' title='bbox 750 3775 849 3857; x_wconf 80' lang='lat'>41.&#39;</span> 
     </span>
    </p>
   </div>
   <div class='ocr_carea' id='block_1_6' title="bbox 0 0 1634 5075">
    <p class='ocr_par' dir='ltr' id='par_1_8' title="bbox 0 0 1634 5075">
     <span class='ocr_line' id='line_1_27' title="bbox 0 0 1634 5075; baseline 0 4"><span class='ocrx_word' id='word_1_172' title='bbox 0 0 1634 5075; x_wconf 95' lang='lat' dir='ltr'> </span> 
     </span>
    </p>
   </div>
  </div>
 </body>
</html>
