<?xml version="1.0" encoding="UTF-8"?>
<!DOCTYPE html PUBLIC "-//W3C//DTD XHTML 1.0 Transitional//EN"
    "http://www.w3.org/TR/xhtml1/DTD/xhtml1-transitional.dtd">
<html xmlns="http://www.w3.org/1999/xhtml" xml:lang="en" lang="en">
 <head>
  <title>
</title>
<meta http-equiv="Content-Type" content="text/html;charset=utf-8" />
  <meta name='ocr-system' content='tesseract 3.04.00' />
  <meta name='ocr-capabilities' content='ocr_page ocr_carea ocr_par ocr_line ocrx_word'/>
</head>
<body>
  <div class='ocr_page' id='page_1' title='image "./indexlibrorumab02lairgoog_0057.png"; bbox 0 0 3259 5075; ppageno 0'>
   <div class='ocr_carea' id='block_1_1' title="bbox 563 583 1212 694">
    <p class='ocr_par' dir='ltr' id='par_1_1' title="bbox 563 583 1212 694">
     <span class='ocr_line' id='line_1_1' title="bbox 563 583 1212 694; baseline 0.002 -34"><span class='ocrx_word' id='word_1_1' title='bbox 563 587 596 660; x_wconf 85' lang='lat' dir='ltr'><strong>A</strong></span> <span class='ocrx_word' id='word_1_2' title='bbox 620 586 654 661; x_wconf 93' lang='lat' dir='ltr'>N</span> <span class='ocrx_word' id='word_1_3' title='bbox 678 586 712 661; x_wconf 91' lang='lat' dir='ltr'>N</span> <span class='ocrx_word' id='word_1_4' title='bbox 737 587 773 659; x_wconf 89' lang='lat' dir='ltr'>O</span> <span class='ocrx_word' id='word_1_5' title='bbox 828 583 932 679; x_wconf 85' lang='lat'><em>1481.</em></span> <span class='ocrx_word' id='word_1_6' title='bbox 1163 610 1212 694; x_wconf 77' lang='lat'>&#39;47</span> 
     </span>
    </p>
   </div>
   <div class='ocr_carea' id='block_1_2' title="bbox 264 723 1282 1542">
    <p class='ocr_par' dir='ltr' id='par_1_2' title="bbox 264 723 1282 1542">
     <span class='ocr_line' id='line_1_2' title="bbox 335 723 1282 830; baseline 0.007 -27"><span class='ocrx_word' id='word_1_7' title='bbox 335 756 422 806; x_wconf 89' lang='lat' dir='ltr'>mum</span> <span class='ocrx_word' id='word_1_8' title='bbox 453 755 535 826; x_wconf 89' lang='lat' dir='ltr'>opus</span> <span class='ocrx_word' id='word_1_9' title='bbox 558 728 694 800; x_wconf 77' lang='lat' dir='ltr'>Perusiae</span> <span class='ocrx_word' id='word_1_10' title='bbox 718 728 915 822; x_wconf 90' lang='lat' dir='ltr'>impressum.</span> <span class='ocrx_word' id='word_1_11' title='bbox 946 727 1033 799; x_wconf 86' lang='lat' dir='ltr'>Idem</span> <span class='ocrx_word' id='word_1_12' title='bbox 1061 732 1212 830; x_wconf 75' lang='lat' dir='ltr'>Stephon.</span> <span class='ocrx_word' id='word_1_13' title='bbox 1273 723 1282 735; x_wconf 50' lang='lat'>⁸</span> 
     </span>
     <span class='ocr_line' id='line_1_3' title="bbox 275 832 1213 941; baseline 0.006 -19"><span class='ocrx_word' id='word_1_14' title='bbox 275 832 277 836; x_wconf 12' lang='lat' dir='ltr'>V</span> <span class='ocrx_word' id='word_1_15' title='bbox 335 852 418 922; x_wconf 85' lang='lat' dir='ltr'>Arns</span> <span class='ocrx_word' id='word_1_16' title='bbox 443 849 484 922; x_wconf 92' lang='lat' dir='ltr'>de</span> <span class='ocrx_word' id='word_1_17' title='bbox 513 832 707 920; x_wconf 88' lang='lat' dir='ltr'>Homborcb</span> <span class='ocrx_word' id='word_1_18' title='bbox 734 845 887 941; x_wconf 80' lang='lat' dir='ltr'>impressit</span> <span class='ocrx_word' id='word_1_19' title='bbox 910 846 953 916; x_wconf 92' lang='lat' dir='ltr'>ibi</span> <span class='ocrx_word' id='word_1_20' title='bbox 983 849 1099 923; x_wconf 86' lang='lat' dir='ltr'>eodem</span> <span class='ocrx_word' id='word_1_21' title='bbox 1126 881 1213 929; x_wconf 86' lang='lat' dir='ltr'>anno</span> 
     </span>
     <span class='ocr_line' id='line_1_4' title="bbox 334 963 1214 1054; baseline 0.01 -15"><span class='ocrx_word' id='word_1_22' title='bbox 334 973 456 1039; x_wconf 75' lang='lat' dir='ltr'>Fioreni</span> <span class='ocrx_word' id='word_1_23' title='bbox 480 971 512 1037; x_wconf 85' lang='lat' dir='ltr'>di</span> <span class='ocrx_word' id='word_1_24' title='bbox 535 972 615 1039; x_wconf 87' lang='lat' dir='ltr'>San.</span> <span class='ocrx_word' id='word_1_25' title='bbox 644 969 837 1054; x_wconf 82' lang='lat' dir='ltr'>Francerco‚</span> <span class='ocrx_word' id='word_1_26' title='bbox 860 963 915 1034; x_wconf 90' lang='lat' dir='ltr'>sed</span> <span class='ocrx_word' id='word_1_27' title='bbox 938 971 1077 1054; x_wconf 70' lang='lat' dir='ltr'>tractavi⁴</span> <span class='ocrx_word' id='word_1_28' title='bbox 1098 971 1214 1048; x_wconf 80' lang='lat' dir='ltr'>Romae</span> 
     </span>
     <span class='ocr_line' id='line_1_5' title="bbox 336 1083 1215 1185; baseline -0.006 -27"><span class='ocrx_word' id='word_1_29' title='bbox 336 1087 419 1185; x_wconf 87' lang='lat' dir='ltr'>apud</span> <span class='ocrx_word' id='word_1_30' title='bbox 435 1087 504 1159; x_wconf 86' lang='lat' dir='ltr'>Stm</span> <span class='ocrx_word' id='word_1_31' title='bbox 520 1085 684 1157; x_wconf 85' lang='lat' dir='ltr'>Andream</span> <span class='ocrx_word' id='word_1_32' title='bbox 703 1083 785 1156; x_wconf 79' lang='lat' dir='ltr'>della</span> <span class='ocrx_word' id='word_1_33' title='bbox 802 1085 896 1154; x_wconf 83' lang='lat' dir='ltr'>Valle</span> <span class='ocrx_word' id='word_1_34' title='bbox 915 1089 1058 1175; x_wconf 63' lang='lat' dir='ltr'>deturant</span> <span class='ocrx_word' id='word_1_35' title='bbox 1075 1092 1215 1164; x_wconf 77' lang='lat' dir='ltr'>Banbo-</span> 
     </span>
     <span class='ocr_line' id='line_1_6' title="bbox 302 1206 1214 1301; baseline -0.002 -22"><span class='ocrx_word' id='word_1_36' title='bbox 302 1229 305 1234; x_wconf 85' lang='grc'><strong><em>·</em></strong></span> <span class='ocrx_word' id='word_1_37' title='bbox 333 1213 421 1279; x_wconf 76' lang='lat' dir='ltr'>lornei</span> <span class='ocrx_word' id='word_1_38' title='bbox 443 1211 478 1277; x_wconf 78' lang='lat' dir='ltr'>de</span> <span class='ocrx_word' id='word_1_39' title='bbox 493 1209 623 1276; x_wconf 81' lang='lat' dir='ltr'>Salicem</span> <span class='ocrx_word' id='word_1_40' title='bbox 645 1230 735 1296; x_wconf 83' lang='lat' dir='ltr'>snper</span> <span class='ocrx_word' id='word_1_41' title='bbox 749 1229 832 1274; x_wconf 77' lang='lat' dir='ltr'>novo</span> <span class='ocrx_word' id='word_1_42' title='bbox 854 1206 974 1297; x_wconf 84' lang='lat' dir='ltr'>codice,</span> <span class='ocrx_word' id='word_1_43' title='bbox 994 1210 1130 1301; x_wconf 81' lang='lat' dir='ltr'>impress.</span> <span class='ocrx_word' id='word_1_44' title='bbox 1151 1216 1214 1284; x_wconf 68' lang='lat' dir='ltr'>Pc-</span> 
     </span>
     <span class='ocr_line' id='line_1_7' title="bbox 264 1306 1218 1427; baseline 0.008 -30"><span class='ocrx_word' id='word_1_45' title='bbox 264 1339 267 1343; x_wconf 86' lang='grc'>’</span> <span class='ocrx_word' id='word_1_46' title='bbox 335 1332 422 1399; x_wconf 81' lang='lat' dir='ltr'>rnsiae</span> <span class='ocrx_word' id='word_1_47' title='bbox 430 1306 517 1397; x_wconf 88' lang='lat' dir='ltr'>anno</span> <span class='ocrx_word' id='word_1_48' title='bbox 530 1347 636 1425; x_wconf 76' lang='lat'>1475,</span> <span class='ocrx_word' id='word_1_49' title='bbox 648 1323 756 1396; x_wconf 90' lang='lat' dir='ltr'>in-fol.</span> <span class='ocrx_word' id='word_1_50' title='bbox 768 1324 888 1419; x_wconf 87' lang='lat' dir='ltr'>absque</span> <span class='ocrx_word' id='word_1_51' title='bbox 900 1327 1026 1398; x_wconf 87' lang='lat' dir='ltr'>custod.</span> <span class='ocrx_word' id='word_1_52' title='bbox 1040 1348 1073 1401; x_wconf 93' lang='lat' dir='ltr'>et</span> <span class='ocrx_word' id='word_1_53' title='bbox 1084 1332 1192 1427; x_wconf 88' lang='lat' dir='ltr'>signat.</span> <span class='ocrx_word' id='word_1_54' title='bbox 1202 1348 1218 1426; x_wconf 82' lang='lat'>,&#39;</span> 
     </span>
     <span class='ocr_line' id='line_1_8' title="bbox 337 1440 1215 1542; baseline 0.013 -24"><span class='ocrx_word' id='word_1_55' title='bbox 337 1447 390 1519; x_wconf 89' lang='lat' dir='ltr'>sed</span> <span class='ocrx_word' id='word_1_56' title='bbox 410 1473 485 1519; x_wconf 89' lang='lat' dir='ltr'>cunr</span> <span class='ocrx_word' id='word_1_57' title='bbox 503 1447 659 1542; x_wconf 81' lang='lat' dir='ltr'>regium,</span> <span class='ocrx_word' id='word_1_58' title='bbox 685 1440 772 1534; x_wconf 82' lang='lat' dir='ltr'>cujus</span> <span class='ocrx_word' id='word_1_59' title='bbox 791 1444 954 1517; x_wconf 83' lang='lat' dir='ltr'>character</span> <span class='ocrx_word' id='word_1_60' title='bbox 974 1465 1021 1520; x_wconf 89' lang='lat' dir='ltr'>est</span> <span class='ocrx_word' id='word_1_61' title='bbox 1038 1448 1215 1529; x_wconf 81' lang='lat' dir='ltr'>Romanus.</span> 
     </span>
    </p>
   </div>
   <div class='ocr_carea' id='block_1_3' title="bbox 265 1617 1233 2132">
    <p class='ocr_par' dir='ltr' id='par_1_3' title="bbox 265 1617 1233 2132">
     <span class='ocr_line' id='line_1_9' title="bbox 265 1617 1233 1737; baseline -0.008 -28"><span class='ocrx_word' id='word_1_62' title='bbox 265 1677 267 1682; x_wconf 94' lang='lat'>·</span> <span class='ocrx_word' id='word_1_63' title='bbox 291 1653 344 1737; x_wconf 91' lang='lat'>17</span> <span class='ocrx_word' id='word_1_64' title='bbox 371 1626 439 1710; x_wconf 85' lang='lat' dir='ltr'>Lis</span> <span class='ocrx_word' id='word_1_65' title='bbox 467 1624 619 1710; x_wconf 89' lang='lat' dir='ltr'>Christi</span> <span class='ocrx_word' id='word_1_66' title='bbox 654 1647 694 1705; x_wconf 93' lang='lat' dir='ltr'>et</span> <span class='ocrx_word' id='word_1_67' title='bbox 728 1617 852 1704; x_wconf 89' lang='lat' dir='ltr'>Belial</span> <span class='ocrx_word' id='word_1_68' title='bbox 879 1619 1120 1734; x_wconf 86' lang='lat' dir='ltr'>judicialiter</span> <span class='ocrx_word' id='word_1_69' title='bbox 1146 1660 1233 1716; x_wconf 85' lang='lat' dir='ltr'>co..</span> 
     </span>
     <span class='ocr_line' id='line_1_10' title="bbox 341 1752 1218 1876; baseline 0.009 -34"><span class='ocrx_word' id='word_1_70' title='bbox 341 1752 797 1868; x_wconf 84' lang='lat' dir='ltr'>ramSalomonejudice</span> <span class='ocrx_word' id='word_1_71' title='bbox 800 1814 893 1841; x_wconf 88' lang='grc'><strong>......</strong></span> <span class='ocrx_word' id='word_1_72' title='bbox 916 1761 1083 1874; x_wconf 82' lang='lat' dir='ltr'>Agitata</span> <span class='ocrx_word' id='word_1_73' title='bbox 1099 1791 1218 1876; x_wconf 85' lang='lat' dir='ltr'>supet</span> 
     </span>
     <span class='ocr_line' id='line_1_11' title="bbox 341 1887 1217 2002; baseline 0.007 -26"><span class='ocrx_word' id='word_1_74' title='bbox 341 1891 471 2002; x_wconf 89' lang='lat' dir='ltr'>spolio</span> <span class='ocrx_word' id='word_1_75' title='bbox 496 1914 537 1975; x_wconf 92' lang='lat' dir='ltr'>et</span> <span class='ocrx_word' id='word_1_76' title='bbox 561 1887 755 1977; x_wconf 85' lang='lat' dir='ltr'>violentia</span> <span class='ocrx_word' id='word_1_77' title='bbox 777 1919 849 2001; x_wconf 87' lang='lat' dir='ltr'>per</span> <span class='ocrx_word' id='word_1_78' title='bbox 876 1893 1061 1978; x_wconf 89' lang='lat' dir='ltr'>eumdem</span> <span class='ocrx_word' id='word_1_79' title='bbox 1090 1897 1217 1982; x_wconf 88' lang='lat' dir='ltr'>Xtum</span> 
     </span>
     <span class='ocr_line' id='line_1_12' title="bbox 329 2021 1217 2132; baseline 0.006 -23"><span class='ocrx_word' id='word_1_80' title='bbox 329 2021 385 2110; x_wconf 72' lang='lat' dir='ltr'>‘in</span> <span class='ocrx_word' id='word_1_81' title='bbox 403 2025 568 2111; x_wconf 88' lang='lat' dir='ltr'>Inferno</span> <span class='ocrx_word' id='word_1_82' title='bbox 595 2028 812 2132; x_wconf 83' lang='lat' dir='ltr'>comissis,</span> <span class='ocrx_word' id='word_1_83' title='bbox 841 2053 919 2112; x_wconf 89' lang='lat' dir='ltr'>etc.</span> <span class='ocrx_word' id='word_1_84' title='bbox 945 2027 1080 2117; x_wconf 88' lang='lat' dir='ltr'>In-fol.</span> <span class='ocrx_word' id='word_1_85' title='bbox 1103 2061 1155 2114; x_wconf 91' lang='lat' dir='ltr'>rn.</span> <span class='ocrx_word' id='word_1_86' title='bbox 1182 2057 1217 2114; x_wconf 86' lang='lat' dir='ltr'>t.</span> 
     </span>
    </p>
   </div>
   <div class='ocr_carea' id='block_1_4' title="bbox 301 2212 1220 2550">
    <p class='ocr_par' dir='ltr' id='par_1_4' title="bbox 301 2212 1220 2550">
     <span class='ocr_line' id='line_1_13' title="bbox 301 2212 1219 2316; baseline 0.004 -27"><span class='ocrx_word' id='word_1_87' title='bbox 301 2212 311 2228; x_wconf 54' lang='lat'>⁸</span> <span class='ocrx_word' id='word_1_88' title='bbox 380 2219 415 2290; x_wconf 83' lang='lat' dir='ltr'>br</span> <span class='ocrx_word' id='word_1_89' title='bbox 438 2221 500 2292; x_wconf 89' lang='lat' dir='ltr'>fine</span> <span class='ocrx_word' id='word_1_90' title='bbox 521 2221 658 2316; x_wconf 87' lang='lat' dir='ltr'>legitur:</span> <span class='ocrx_word' id='word_1_91' title='bbox 674 2245 800 2311; x_wconf 80' lang='lat' dir='ltr'>presens</span> <span class='ocrx_word' id='word_1_92' title='bbox 825 2245 902 2312; x_wconf 83' lang='lat' dir='ltr'>opus</span> <span class='ocrx_word' id='word_1_93' title='bbox 925 2231 971 2316; x_wconf 67' lang='grc' dir='ltr'>φῖ</span> <span class='ocrx_word' id='word_1_94' title='bbox 986 2221 1128 2314; x_wconf 74' lang='lat' dir='ltr'>peccator</span> <span class='ocrx_word' id='word_1_95' title='bbox 1146 2226 1219 2293; x_wconf 79' lang='lat' dir='ltr'>con·</span> 
     </span>
     <span class='ocr_line' id='line_1_14' title="bbox 337 2334 1220 2426; baseline 0.006 -20"><span class='ocrx_word' id='word_1_96' title='bbox 337 2340 443 2407; x_wconf 81' lang='lat' dir='ltr'>solutio</span> <span class='ocrx_word' id='word_1_97' title='bbox 468 2341 685 2405; x_wconf 73' lang='lat' dir='ltr'>denominatur</span> <span class='ocrx_word' id='word_1_98' title='bbox 705 2334 856 2426; x_wconf 74' lang='lat' dir='ltr'>impssnm</span> <span class='ocrx_word' id='word_1_99' title='bbox 880 2361 925 2410; x_wconf 81' lang='lat' dir='ltr'>est</span> <span class='ocrx_word' id='word_1_100' title='bbox 947 2340 1056 2410; x_wconf 80' lang='lat' dir='ltr'>Goude</span> <span class='ocrx_word' id='word_1_101' title='bbox 1075 2343 1110 2410; x_wconf 87' lang='lat' dir='ltr'>in</span> <span class='ocrx_word' id='word_1_102' title='bbox 1133 2342 1220 2412; x_wconf 77' lang='lat' dir='ltr'>Hot-</span> 
     </span>
     <span class='ocr_line' id='line_1_15' title="bbox 336 2455 1220 2550; baseline 0.005 -24"><span class='ocrx_word' id='word_1_103' title='bbox 336 2459 440 2526; x_wconf 71' lang='lat' dir='ltr'>landun</span> <span class='ocrx_word' id='word_1_104' title='bbox 442 2484 501 2550; x_wconf 83' lang='lat' dir='ltr'>per</span> <span class='ocrx_word' id='word_1_105' title='bbox 513 2457 687 2526; x_wconf 80' lang='lat' dir='ltr'>Gerardum</span> <span class='ocrx_word' id='word_1_106' title='bbox 698 2455 777 2523; x_wconf 75' lang='lat' dir='ltr'>lecu</span> <span class='ocrx_word' id='word_1_107' title='bbox 790 2482 877 2524; x_wconf 87' lang='lat' dir='ltr'>anno</span> <span class='ocrx_word' id='word_1_108' title='bbox 888 2460 1009 2527; x_wconf 82' lang='lat' dir='ltr'>domini</span> <span class='ocrx_word' id='word_1_109' title='bbox 1020 2458 1069 2532; x_wconf 92' lang='lat' dir='ltr'>M.</span> <span class='ocrx_word' id='word_1_110' title='bbox 1082 2459 1220 2530; x_wconf 86' lang='lat' dir='ltr'><strong>CCCC.</strong></span> 
     </span>
    </p>
   </div>
   <div class='ocr_carea' id='block_1_5' title="bbox 335 2578 1220 2673">
    <p class='ocr_par' dir='ltr' id='par_1_5' title="bbox 335 2578 1220 2673">
     <span class='ocr_line' id='line_1_16' title="bbox 335 2578 1220 2673; baseline -0.005 -25"><span class='ocrx_word' id='word_1_111' title='bbox 335 2580 521 2673; x_wconf 85' lang='lat' dir='ltr'><em>LXXXI,</em></span> <span class='ocrx_word' id='word_1_112' title='bbox 549 2582 663 2651; x_wconf 81' lang='lat' dir='ltr'>mensis</span> <span class='ocrx_word' id='word_1_113' title='bbox 697 2581 881 2652; x_wconf 77' lang='lat' dir='ltr'>Novembris</span> <span class='ocrx_word' id='word_1_114' title='bbox 917 2583 963 2650; x_wconf 81' lang='lat' dir='ltr'>die</span> <span class='ocrx_word' id='word_1_115' title='bbox 998 2582 1145 2652; x_wconf 85' lang='lat' dir='ltr'><em>XXIX.</em></span> <span class='ocrx_word' id='word_1_116' title='bbox 1179 2578 1220 2645; x_wconf 83' lang='lat' dir='ltr'>Et</span> 
     </span>
    </p>
   </div>
   <div class='ocr_carea' id='block_1_6' title="bbox 217 2691 1220 2904">
    <p class='ocr_par' dir='ltr' id='par_1_6' title="bbox 217 2691 1220 2904">
     <span class='ocr_line' id='line_1_17' title="bbox 217 2691 1185 2793; baseline -0.004 -21"><span class='ocrx_word' id='word_1_117' title='bbox 217 2691 222 2699; x_wconf 39' lang='lat'><em>⁴</em></span> <span class='ocrx_word' id='word_1_118' title='bbox 333 2699 471 2793; x_wconf 84' lang='lat' dir='ltr'>sequitur</span> <span class='ocrx_word' id='word_1_119' title='bbox 493 2723 612 2773; x_wconf 83' lang='lat' dir='ltr'>scutum</span> <span class='ocrx_word' id='word_1_120' title='bbox 635 2701 771 2773; x_wconf 83' lang='lat' dir='ltr'>Gerardi</span> <span class='ocrx_word' id='word_1_121' title='bbox 795 2698 948 2771; x_wconf 87' lang='lat' dir='ltr'>omissum</span> <span class='ocrx_word' id='word_1_122' title='bbox 976 2698 1017 2769; x_wconf 83' lang='lat' dir='ltr'>ab</span> <span class='ocrx_word' id='word_1_123' title='bbox 1039 2691 1185 2780; x_wconf 79' lang='lat' dir='ltr'>Orlandi.</span> 
     </span>
     <span class='ocr_line' id='line_1_18' title="bbox 382 2787 1220 2904; baseline 0.004 -25"><span class='ocrx_word' id='word_1_124' title='bbox 382 2812 465 2881; x_wconf 87' lang='lat' dir='ltr'>Duo</span> <span class='ocrx_word' id='word_1_125' title='bbox 487 2814 597 2881; x_wconf 80' lang='lat' dir='ltr'>indicis</span> <span class='ocrx_word' id='word_1_126' title='bbox 620 2814 697 2879; x_wconf 84' lang='lat' dir='ltr'>folia</span> <span class='ocrx_word' id='word_1_127' title='bbox 717 2812 958 2904; x_wconf 60' lang='lat' dir='ltr'>praemittuntur.</span> <span class='ocrx_word' id='word_1_128' title='bbox 978 2787 1220 2883; x_wconf 84' lang='lat' dir='ltr'>Desiderantur</span> 
     </span>
    </p>
   </div>
   <div class='ocr_carea' id='block_1_7' title="bbox 336 2924 1222 3169">
    <p class='ocr_par' dir='ltr' id='par_1_7' title="bbox 336 2924 1222 3143">
     <span class='ocr_line' id='line_1_19' title="bbox 336 2924 1222 3025; baseline 0.001 -24"><span class='ocrx_word' id='word_1_129' title='bbox 336 2928 504 3018; x_wconf 83' lang='lat' dir='ltr'>custodes,</span> <span class='ocrx_word' id='word_1_130' title='bbox 517 2925 708 3019; x_wconf 83' lang='lat' dir='ltr'>majuscula,</span> <span class='ocrx_word' id='word_1_131' title='bbox 725 2925 869 3014; x_wconf 82' lang='lat' dir='ltr'>numeri3</span> <span class='ocrx_word' id='word_1_132' title='bbox 883 2924 944 2997; x_wconf 88' lang='lat' dir='ltr'>sed</span> <span class='ocrx_word' id='word_1_133' title='bbox 956 2924 1068 2998; x_wconf 83' lang='lat' dir='ltr'>folia</span> <span class='ocrx_word' id='word_1_134' title='bbox 1045 2937 1222 3025; x_wconf 72' lang='lat' dir='ltr'>signantur.</span> 
     </span>
     <span class='ocr_line' id='line_1_20' title="bbox 336 3039 1218 3169; baseline 0.001 -52"><span class='ocrx_word' id='word_1_135' title='bbox 336 3047 547 3143; x_wconf 85' lang='lat' dir='ltr'>Appellatur</span> <span class='ocrx_word' id='word_1_136' title='bbox 540 3073 572 3118; x_wconf 90' lang='lat' dir='ltr'>rn</span> <span class='ocrx_word' id='word_1_137' title='bbox 589 3049 650 3122; x_wconf 89' lang='lat' dir='ltr'>hac</span> <span class='ocrx_word' id='word_1_138' title='bbox 673 3045 813 3119; x_wconf 87' lang='lat' dir='ltr'>editione</span> <span class='ocrx_word' id='word_1_139' title='bbox 836 3043 949 3164; x_wconf 84' lang='lat' dir='ltr'>Jacob.</span> <span class='ocrx_word' id='word_1_140' title='bbox 975 3045 1016 3118; x_wconf 91' lang='lat' dir='ltr'>de</span> <span class='ocrx_word' id='word_1_141' title='bbox 1038 3039 1218 3169; x_wconf 88' lang='lat' dir='ltr'>Theramo.</span> 
     </span>
    </p>
   </div>
   <div class='ocr_carea' id='block_1_8' title="bbox 291 3243 1220 3627">
    <p class='ocr_par' dir='ltr' id='par_1_8' title="bbox 291 3243 1220 3627">
     <span class='ocr_line' id='line_1_21' title="bbox 291 3243 1220 3363; baseline 0 -32"><span class='ocrx_word' id='word_1_142' title='bbox 291 3248 341 3333; x_wconf 86' lang='lat'>18</span> <span class='ocrx_word' id='word_1_143' title='bbox 365 3250 594 3335; x_wconf 88' lang='lat' dir='ltr'>Innocentii</span> <span class='ocrx_word' id='word_1_144' title='bbox 614 3254 745 3363; x_wconf 88' lang='lat' dir='ltr'>quarti</span> <span class='ocrx_word' id='word_1_145' title='bbox 765 3243 983 3335; x_wconf 84' lang='lat' dir='ltr'>decretales</span> <span class='ocrx_word' id='word_1_146' title='bbox 1003 3275 1094 3330; x_wconf 92' lang='lat' dir='ltr'>cum</span> <span class='ocrx_word' id='word_1_147' title='bbox 1109 3269 1220 3331; x_wconf 88' lang='lat' dir='ltr'>com-</span> 
     </span>
     <span class='ocr_line' id='line_1_22' title="bbox 343 3376 1216 3493; baseline -0.005 -29"><span class='ocrx_word' id='word_1_148' title='bbox 343 3409 467 3469; x_wconf 87' lang='lat' dir='ltr'>ment.</span> <span class='ocrx_word' id='word_1_149' title='bbox 481 3382 531 3469; x_wconf 90' lang='lat' dir='ltr'>de</span> <span class='ocrx_word' id='word_1_150' title='bbox 546 3381 697 3470; x_wconf 82' lang='lat' dir='ltr'>FliscO.</span> <span class='ocrx_word' id='word_1_151' title='bbox 720 3382 892 3469; x_wconf 79' lang='lat' dir='ltr'>Veneriis</span> <span class='ocrx_word' id='word_1_152' title='bbox 905 3376 1066 3465; x_wconf 83' lang='lat' dir='ltr'>Jenson.</span> <span class='ocrx_word' id='word_1_153' title='bbox 1082 3383 1159 3493; x_wconf 65' lang='lat'>&#39;148</span> <span class='ocrx_word' id='word_1_154' title='bbox 1171 3405 1216 3485; x_wconf 89' lang='lat'>1,</span> 
     </span>
     <span class='ocr_line' id='line_1_23' title="bbox 345 3504 959 3627; baseline 0.005 -30"><span class='ocrx_word' id='word_1_155' title='bbox 345 3516 405 3597; x_wconf 85' lang='lat' dir='ltr'>die</span> <span class='ocrx_word' id='word_1_156' title='bbox 430 3543 473 3627; x_wconf 86' lang='lat'>15</span> <span class='ocrx_word' id='word_1_157' title='bbox 500 3516 624 3624; x_wconf 76' lang='lat' dir='ltr'>Iunii.</span> <span class='ocrx_word' id='word_1_158' title='bbox 645 3515 813 3602; x_wconf 76' lang='lat' dir='ltr'>In-fol.‘</span> <span class='ocrx_word' id='word_1_159' title='bbox 838 3591 840 3596; x_wconf 94' lang='lat'><em>.</em></span> <span class='ocrx_word' id='word_1_160' title='bbox 865 3533 869 3544; x_wconf 92' lang='grc'><strong><em>’</em></strong></span> <span class='ocrx_word' id='word_1_161' title='bbox 956 3504 959 3509; x_wconf 55' lang='grc'><strong>’</strong></span> 
     </span>
    </p>
   </div>
   <div class='ocr_carea' id='block_1_9' title="bbox 294 3722 1216 3957">
    <p class='ocr_par' dir='ltr' id='par_1_9' title="bbox 294 3722 1216 3957">
     <span class='ocr_line' id='line_1_24' title="bbox 294 3722 1216 3843; baseline -0.037 -6"><span class='ocrx_word' id='word_1_162' title='bbox 294 3752 345 3836; x_wconf 84' lang='lat'>19</span> <span class='ocrx_word' id='word_1_163' title='bbox 369 3726 533 3841; x_wconf 79' lang='lat' dir='ltr'>Josephi</span> <span class='ocrx_word' id='word_1_164' title='bbox 558 3728 701 3822; x_wconf 87' lang='lat' dir='ltr'>Judaei</span> <span class='ocrx_word' id='word_1_165' title='bbox 734 3733 1016 3843; x_wconf 87' lang='lat' dir='ltr'>antiquitatum</span> <span class='ocrx_word' id='word_1_166' title='bbox 1043 3722 1216 3839; x_wconf 84' lang='lat' dir='ltr'>judaica-</span> 
     </span>
     <span class='ocr_line' id='line_1_25' title="bbox 296 3852 1215 3957; baseline -0.01 -10"><span class='ocrx_word' id='word_1_167' title='bbox 296 3940 301 3947; x_wconf 90' lang='lat'><em>.</em></span> <span class='ocrx_word' id='word_1_168' title='bbox 347 3884 434 3943; x_wconf 86' lang='lat' dir='ltr'>rum</span> <span class='ocrx_word' id='word_1_169' title='bbox 456 3856 546 3945; x_wconf 88' lang='lat' dir='ltr'>libri</span> <span class='ocrx_word' id='word_1_170' title='bbox 566 3867 651 3950; x_wconf 88' lang='lat' dir='ltr'>XX</span> <span class='ocrx_word' id='word_1_171' title='bbox 667 3890 717 3947; x_wconf 86' lang='lat' dir='ltr'>ex</span> <span class='ocrx_word' id='word_1_172' title='bbox 739 3868 924 3953; x_wconf 87' lang='lat' dir='ltr'>versione</span> <span class='ocrx_word' id='word_1_173' title='bbox 944 3862 1098 3947; x_wconf 88' lang='lat' dir='ltr'>Ruffini</span> <span class='ocrx_word' id='word_1_174' title='bbox 1110 3892 1122 3957; x_wconf 82' lang='lat'>3</span> <span class='ocrx_word' id='word_1_175' title='bbox 1146 3852 1215 3940; x_wconf 89' lang='lat' dir='ltr'>sed</span> 
     </span>
    </p>
   </div>
   <div class='ocr_carea' id='block_1_10' title="bbox 0 0 1634 5075">
    <p class='ocr_par' dir='ltr' id='par_1_10' title="bbox 0 0 1634 5075">
     <span class='ocr_line' id='line_1_26' title="bbox 0 0 1634 5075; baseline 0 2"><span class='ocrx_word' id='word_1_176' title='bbox 0 0 1634 5075; x_wconf 95' lang='lat' dir='ltr'> </span> 
     </span>
    </p>
   </div>
  </div>
 </body>
</html>
