3259 5075
393 677 463 755 ιω
657 659 868 735 ttoni
917 657 1053 730 son

446 821 614 937 Loteneo
641 821 840 935 Morgiont‘
869 847 905 901 et
940 815 1110 902 Giovani
1146 815 1186 899 di
1223 815 1320 901 Ma-

444 1006 581 1092 gani·

390 1183 553 1270 Predica
579 1182 643 1269 del
667 1185 722 1268 R.
749 1182 795 1269 P.
821 1183 888 1267 Fr.
916 1180 1157 1267 Hieronimo
1189 1181 1320 1266 Savo-

443 1312 584 1400 narola
617 1314 667 1401 da
697 1317 876 1400 Ferrara.
905 1316 989 1399 Adi
1016 1314 1155 1400 XXV
1178 1314 1222 1396 de
1248 1311 1321 1395 Fe·

446 1449 712 1561 breio‘1497‚
738 1451 776 1531 lo
799 1450 992 1532 domenico
1015 1438 1078 1532 de'l
1094 1446 1321 1533 cornoscinle

445 1582 487 1671 in
522 1578 594 1665 Sta
624 1582 755 1666 Matio
789 1582 853 1665 del
873 1583 976 1694 fiote
1008 1610 1043 1662 et
1069 1581 1229 1682 raccolta
1253 1610 1326 1690 per

445 1745 507 1803 ser
520 1712 688 1830 [Otenzo
714 1715 758 1798 V
754 1712 889 1797 ihuelli
902 1713 951 1804 de
970 1715 1009 1795 lo
1027 1714 1119 1796 vino
1136 1743 1227 1795 voce
1248 1710 1321 1796 del·

439 1840 590 1958 ptefitto
617 1844 770 1948 Podre,
798 1869 877 1930 etc.
1018 1887 1025 1896 ·

484 2032 596 2129 Incipit
622 2033 687 2105 hoc
713 2051 823 2106 textu:
852 2037 887 2104 in
911 2036 995 2104 exitu
1020 2036 1120 2104 Israel
1139 2059 1154 2103 e
1175 2034 1317 2128 Egtpto,

438 2187 515 2260 etc3
538 2189 570 2241 et
591 2171 775 2244 terminatur
796 2198 871 2246 cum
893 2169 1050 2270 signaturis
1068 2199 1086 2242 e·
1106 2195 1138 2242 2.

395 2416 445 2499 19
472 2391 547 2478 Rei
573 2397 730 2478 rusticae
757 2397 971 2504 scriptores
1001 2419 1093 2477 cum
1119 2419 1320 2477 commen

445 2565 520 2627 tar.
545 2544 750 2630 Beroaldi.
779 2542 920 2639 Iti-,fol-

484 2754 520 2822 In
548 2754 610 2823 fine
642 2755 780 2849 legitur:
812 2780 903 2845 opera
938 2756 1190 2849 agricolationntn
1227 2754 1320 2821 Colu-

436 2872 558 2959 mellas,
580 2874 760 2959 Varronis,
793 2872 977 2961 Catonisque
1009 2898 1062 2940 nec
1095 2897 1160 2940 non
1182 2872 1322 2940 Palladii

436 3015 505 3061 cunt
525 2992 760 3081 exemptionibus
782 2992 919 3081 Philippi
944 2992 1091 3060 Beroaldi
1116 3014 1144 3061 et
1165 3016 1320 3060 commen-

435 3110 522 3177 tariis
549 3111 695 3199 impressa
717 3110 805 3203 Regii
830 3111 975 3199 impensis
1001 3110 1158 3200 Dyonisii
1181 3109 1320 3178 Bertoclei

437 3228 545 3321 regien.
576 3230 670 3322 1496
681 3281 692 3316 ‚
723 3250 767 3318 14
790 3228 869 3298 Kal.
899 3228 1050 3301 Octobris.

389 3471 445 3527 20
480 3443 693 3559 Speculum
735 3443 865 3529 finalis
901 3444 1174 3529 retributionis
1212 3444 1321 3530 Petri

444 3575 718 3694 Reginald'eti.
749 3576 869 3690 Impr.
905 3582 1039 3690 1496,
1065 3578 1124 3659 die
1153 3575 1223 3662 XI
1247 3576 1320 3674 Fe·

442 3707 597 3792 bntnrii.
628 3713 758 3823 In-40.
790 3708 906 3827 goth.

486 3896 691 3982 Tesminatur
713 3926 787 3981 cum
811 3899 968 3999 signaturis
989 3901 1008 3976 i
1031 3902 1108 3989 iiij,
