3259 5075
700 616 812 717 ΨΟ
1142 638 1216 720 1429
1302 560 1304 564 Ι

291 791 429 853 detentim
449 791 616 874 deteguntur
636 809 753 873 typogr.
774 815 808 853 ac
826 791 909 873 urbes
931 793 967 853 ad
984 815 1054 875 quas
1070 800 1219 876 pervenit,

290 889 339 970 96.
363 889 409 952 16.
431 888 477 950 Sic
496 893 583 950 etiam
605 889 735 951 Vicerrrr'ae
752 889 898 971 Philippus
919 889 1041 951 Albinus
1057 890 1219 972 Aquitanus

290 1008 367 1046 anno
386 1007 478 1067 1477,
497 988 678 1068 imprimebat
694 987 894 1047 vocabularium
904 986 978 1066 juris
997 986 1220 1074 Maffei‘Veggii

290 1100 320 1145 et
345 1083 454 1167 Georg·
473 1086 588 1146 Walch.
610 1083 733 1146 Veneriis
758 1083 1032 1168 1479,sasciculum
1056 1102 1221 1167 temporum,

291 1200 320 1243 et
337 1184 427 1240 Romae
444 1181 545 1241 Bullen
563 1183 600 1242 de
620 1181 729 1242 Bremis
748 1203 825 1242 anno
852 1183 951 1266 1478,
980 1183 1142 1264 manipulum
1165 1184 1220 1243 Cu·

291 1274 423 1340 rarorum:
443 1301 529 1360 quem
545 1282 760 1362 typographum
779 1282 851 1341 sicut
866 1298 894 1341 et
912 1282 1016 1342 librum
1037 1284 1122 1342 etiam
1137 1285 1219 1363 igno·

291 1381 366 1438 ravit
381 1375 576 1457 Audiffredy,
596 1377 675 1458 eujus
692 1379 775 1438 indici
795 1397 911 1458 possent
929 1382 1015 1440 etiam
1034 1379 1119 1455 adjici
1137 1381 1221 1439 iunu-

291 1479 363 1536 meri
374 1499 384 1550 ;
404 1497 433 1534 v.
452 1495 480 1556 g.
501 1475 641 1537 Francisci
661 1476 697 1537 de
721 1475 834 1535 Pavinis
857 1493 987 1534 tractatus
1010 1458 1219 1551 viridariorum,

292 1593 369 1634 armo
397 1593 492 1669 1475,
513 1594 566 1654 per
587 1571 697 1655 Georg.
718 1573 825 1644 Laut„
841 1591 898 1653 erc.
920 1588 976 1634 etc.

735 1770 789 1860 V.

477 2003 717 2074 VALDARFER
741 1996 1030 2098 (Christopdorus.)

307 2174 310 2181 ’
329 2175 410 2235 Libri
430 2175 482 2234 sub
502 2175 562 2254 ejus
581 2178 698 2237 nomine
715 2175 864 2255 impressi,
882 2174 970 2235 Tom.
990 2173 1014 2235 Ι.
1038 2195 1092 2252 114
1109 2192 1138 2237 et
1155 2196 1219 2257 ης.

293 2269 389 2330 Braun
411 2271 464 2329 iilis
482 2273 614 2353 deceptus
634 2273 699 2331 huic
711 2272 827 2331 'alteros
854 2268 1045 2350 adjudicavit,
1063 2289 1092 2333 et
1116 2277 1223 2354 princi-

292 2369 373 2447 pium
391 2366 472 2448 hujus
493 2372 595 2430 erroris
616 2369 771 2450 detegitur,
788 2366 877 2434 Tom.
895 2366 938 2443 L,
956 2389 1024 2451 pag.
1047 2371 1115 2450 263.
1152 2362 1160 2369 ⁸

569 2599 572 2606 ·
618 2549 805 2620 Vsusrtrr
828 2548 905 2617 lues.

332 2717 459 2781 Primum
474 2719 715 2800 opus'medicinae
735 2720 770 2781 de
789 2721 878 2800 ipsius
897 2720 1046 2797 remediis,
1065 2720 1114 2801 87.
1133 2741 1180 2784 20.

404 2843 407 2850 Ι
650 2898 868 2969 Vrucrtrus.

332 3069 428 3131 Editio
451 3088 571 3150 operum
590 3071 711 3151 ignota,
726 3068 816 3131 Tom.
834 3069 857 3132 Ι.
879 3091 962 3152 292.·

512 3248 838 3328 Vocruurtruum
862 3272 901 3316 ex
924 3271 996 3337 quo.

333 3416 498 3499 Descriptio
514 3417 646 3476 editionis
663 3418 693 3475 in
710 3417 869 3488 Altavilld‚
888 3418 954 3475 armi
975 3418 1057 3498 1467.
1078 3418 1127 3479 82.
1148 3441 1195 3496 24.

528 3589 745 3664 Wourmus
776 3590 985 3689 (Cephalus.)
1007 3682 1010 3688 ¹

336 3763 411 3845 Quis
440 3766 488 3829 ille
518 3764 602 3827 fuerit
635 3766 834 3848 typographus
860 3767 889 3825 in
916 3714 1102 3849 Argentini?
1133 3768 1221 3834 Tom.

248 3925 254 3936 ,
300 3860 324 3926 l.
347 3863 412 3941 328.
648 3877 653 3883 ”
884 3885 887 3893 ’
