<?xml version="1.0" encoding="UTF-8"?>
<!DOCTYPE html PUBLIC "-//W3C//DTD XHTML 1.0 Transitional//EN"
    "http://www.w3.org/TR/xhtml1/DTD/xhtml1-transitional.dtd">
<html xmlns="http://www.w3.org/1999/xhtml" xml:lang="en" lang="en">
 <head>
  <title>
</title>
<meta http-equiv="Content-Type" content="text/html;charset=utf-8" />
  <meta name='ocr-system' content='tesseract 3.04.00' />
  <meta name='ocr-capabilities' content='ocr_page ocr_carea ocr_par ocr_line ocrx_word'/>
</head>
<body>
  <div class='ocr_page' id='page_1' title='image "./indexlibrorumab02lairgoog_0165.png"; bbox 0 0 3259 5075; ppageno 0'>
   <div class='ocr_carea' id='block_1_1' title="bbox 234 514 1305 1051">
    <p class='ocr_par' dir='ltr' id='par_1_1' title="bbox 234 514 1305 1051">
     <span class='ocr_line' id='line_1_1' title="bbox 473 514 1216 636; baseline 0.011 -35"><span class='ocrx_word' id='word_1_1' title='bbox 473 556 494 575; x_wconf 94' lang='lat'>··</span> <span class='ocrx_word' id='word_1_2' title='bbox 528 521 764 602; x_wconf 86' lang='lat' dir='ltr'><strong>·ANNO</strong></span> <span class='ocrx_word' id='word_1_3' title='bbox 800 514 971 628; x_wconf 66' lang='lat'>³14900&#39;</span> <span class='ocrx_word' id='word_1_4' title='bbox 1040 552 1042 557; x_wconf 68' lang='grc'><strong>“</strong></span> <span class='ocrx_word' id='word_1_5' title='bbox 1132 522 1216 636; x_wconf 80' lang='lat'>&#39;159</span> 
     </span>
     <span class='ocr_line' id='line_1_2' title="bbox 290 669 1217 786; baseline 0.002 -32"><span class='ocrx_word' id='word_1_6' title='bbox 290 699 341 782; x_wconf 78' lang='lat'>19</span> <span class='ocrx_word' id='word_1_7' title='bbox 367 672 523 760; x_wconf 81' lang='lat' dir='ltr'><strong>Joann.·</strong></span> <span class='ocrx_word' id='word_1_8' title='bbox 542 671 704 759; x_wconf 82' lang='lat' dir='ltr'>Joviani</span> <span class='ocrx_word' id='word_1_9' title='bbox 718 669 956 757; x_wconf 77' lang='lat' dir='ltr'>Pontanide</span> <span class='ocrx_word' id='word_1_10' title='bbox 975 676 1155 786; x_wconf 87' lang='lat' dir='ltr'>principe</span> <span class='ocrx_word' id='word_1_11' title='bbox 1176 700 1217 759; x_wconf 89' lang='lat' dir='ltr'>et</span> 
     </span>
     <span class='ocr_line' id='line_1_3' title="bbox 254 799 1305 918; baseline 0.004 -32"><span class='ocrx_word' id='word_1_12' title='bbox 254 845 256 849; x_wconf 47' lang='lat'><em>⁷</em></span> <span class='ocrx_word' id='word_1_13' title='bbox 344 799 584 888; x_wconf 51' lang='lat' dir='ltr'>obedientia.</span> <span class='ocrx_word' id='word_1_14' title='bbox 628 805 816 889; x_wconf 62' lang='lat' dir='ltr'>Moratur</span> <span class='ocrx_word' id='word_1_15' title='bbox 863 834 1010 918; x_wconf 79' lang='lat'>1490,</span> <span class='ocrx_word' id='word_1_16' title='bbox 1052 808 1112 890; x_wconf 83' lang='lat' dir='ltr'>lie</span> <span class='ocrx_word' id='word_1_17' title='bbox 1164 832 1211 918; x_wconf 81' lang='lat'>25</span> <span class='ocrx_word' id='word_1_18' title='bbox 1303 878 1305 881; x_wconf 94' lang='lat'>.</span> 
     </span>
     <span class='ocr_line' id='line_1_4' title="bbox 234 935 1122 1051; baseline 0 -26"><span class='ocrx_word' id='word_1_19' title='bbox 234 981 236 983; x_wconf 94' lang='lat'>·</span> <span class='ocrx_word' id='word_1_20' title='bbox 266 989 272 1000; x_wconf 94' lang='lat'>·</span> <span class='ocrx_word' id='word_1_21' title='bbox 349 935 534 1025; x_wconf 75' lang='lat' dir='ltr'>Octobris.</span> <span class='ocrx_word' id='word_1_22' title='bbox 563 942 608 1021; x_wconf 88' lang='lat' dir='ltr'>in</span> <span class='ocrx_word' id='word_1_23' title='bbox 631 935 886 1022; x_wconf 76' lang='lat' dir='ltr'>membranis.·</span> <span class='ocrx_word' id='word_1_24' title='bbox 915 942 1048 1051; x_wconf 86' lang='lat' dir='ltr'><strong>In·4⁰.</strong></span> <span class='ocrx_word' id='word_1_25' title='bbox 1079 969 1122 1025; x_wconf 79' lang='lat' dir='ltr'>v·</span> 
     </span>
    </p>
   </div>
   <div class='ocr_carea' id='block_1_2' title="bbox 222 1096 1254 3897">
    <p class='ocr_par' dir='ltr' id='par_1_2' title="bbox 338 1096 1254 1567">
     <span class='ocr_line' id='line_1_5' title="bbox 385 1096 1219 1206; baseline 0.007 -28"><span class='ocrx_word' id='word_1_26' title='bbox 385 1104 441 1179; x_wconf 74' lang='lat' dir='ltr'>Exv</span> <span class='ocrx_word' id='word_1_27' title='bbox 456 1096 596 1180; x_wconf 71' lang='lat' dir='ltr'>editione</span> <span class='ocrx_word' id='word_1_28' title='bbox 626 1108 815 1204; x_wconf 85' lang='lat' dir='ltr'>praecedenti</span> <span class='ocrx_word' id='word_1_29' title='bbox 833 1102 927 1193; x_wconf 47' lang='lat' dir='ltr'>;&#39;se·d</span> <span class='ocrx_word' id='word_1_30' title='bbox 957 1111 1141 1206; x_wconf 87' lang='lat' dir='ltr'>subscriptio</span> <span class='ocrx_word' id='word_1_31' title='bbox 1167 1111 1219 1184; x_wconf 68' lang='lat' dir='ltr'>lit-i</span> 
     </span>
     <span class='ocr_line' id='line_1_6' title="bbox 338 1226 1217 1324; baseline 0 -26"><span class='ocrx_word' id='word_1_32' title='bbox 338 1229 409 1298; x_wconf 84' lang='lat' dir='ltr'>teris</span> <span class='ocrx_word' id='word_1_33' title='bbox 432 1228 533 1297; x_wconf 86' lang='lat' dir='ltr'>aureis</span> <span class='ocrx_word' id='word_1_34' title='bbox 553 1227 740 1321; x_wconf 86' lang='lat' dir='ltr'>imprimitur</span> <span class='ocrx_word' id='word_1_35' title='bbox 753 1257 772 1316; x_wconf 62' lang='lat' dir='ltr'>s,</span> <span class='ocrx_word' id='word_1_36' title='bbox 794 1226 879 1299; x_wconf 87' lang='lat' dir='ltr'>sicut</span> <span class='ocrx_word' id='word_1_37' title='bbox 906 1227 1010 1300; x_wconf 89' lang='lat' dir='ltr'>titulus</span> <span class='ocrx_word' id='word_1_38' title='bbox 1036 1229 1102 1303; x_wconf 82' lang='lat' dir='ltr'>folii</span> <span class='ocrx_word' id='word_1_39' title='bbox 1124 1230 1217 1324; x_wconf 90' lang='lat' dir='ltr'>primi</span> 
     </span>
     <span class='ocr_line' id='line_1_7' title="bbox 338 1345 1218 1442; baseline 0.006 -26"><span class='ocrx_word' id='word_1_40' title='bbox 338 1365 371 1416; x_wconf 87' lang='lat' dir='ltr'>et</span> <span class='ocrx_word' id='word_1_41' title='bbox 401 1345 544 1418; x_wconf 88' lang='lat' dir='ltr'>omnium</span> <span class='ocrx_word' id='word_1_42' title='bbox 570 1347 707 1441; x_wconf 83' lang='lat' dir='ltr'>capitum</span> <span class='ocrx_word' id='word_1_43' title='bbox 739 1372 813 1418; x_wconf 91' lang='lat' dir='ltr'>curn</span> <span class='ocrx_word' id='word_1_44' title='bbox 847 1346 1068 1442; x_wconf 83' lang='lat' dir='ltr'>principalibus</span> <span class='ocrx_word' id='word_1_45' title='bbox 1099 1348 1218 1421; x_wconf 87' lang='lat' dir='ltr'>litteris.</span> 
     </span>
     <span class='ocr_line' id='line_1_8' title="bbox 338 1462 1254 1567; baseline 0 -33"><span class='ocrx_word' id='word_1_46' title='bbox 338 1464 433 1558; x_wconf 84' lang='lat' dir='ltr'>Opus</span> <span class='ocrx_word' id='word_1_47' title='bbox 455 1462 664 1558; x_wconf 87' lang='lat' dir='ltr'>splendidum.</span> <span class='ocrx_word' id='word_1_48' title='bbox 1252 1563 1254 1567; x_wconf 10' lang='lat' dir='ltr'>y</span> 
     </span>
    </p>

    <p class='ocr_par' dir='ltr' id='par_1_3' title="bbox 222 1613 1215 1864">
     <span class='ocr_line' id='line_1_9' title="bbox 222 1613 1215 1709; baseline 0 -5"><span class='ocrx_word' id='word_1_49' title='bbox 222 1613 224 1616; x_wconf 57' lang='grc'>’</span> <span class='ocrx_word' id='word_1_50' title='bbox 295 1649 348 1706; x_wconf 87' lang='lat'>20</span> <span class='ocrx_word' id='word_1_51' title='bbox 383 1620 933 1709; x_wconf 78' lang='lat' dir='ltr'>Joann.J0vian1P0ntani</span> <span class='ocrx_word' id='word_1_52' title='bbox 972 1620 1023 1706; x_wconf 89' lang='lat' dir='ltr'>de</span> <span class='ocrx_word' id='word_1_53' title='bbox 1056 1619 1215 1705; x_wconf 85' lang='lat' dir='ltr'>fortitu-</span> 
     </span>
     <span class='ocr_line' id='line_1_10' title="bbox 349 1749 761 1864; baseline -0.007 -26"><span class='ocrx_word' id='word_1_54' title='bbox 349 1749 442 1838; x_wconf 86' lang='lat' dir='ltr'>dine</span> <span class='ocrx_word' id='word_1_55' title='bbox 473 1781 589 1864; x_wconf 89' lang='lat' dir='ltr'>opus.</span> <span class='ocrx_word' id='word_1_56' title='bbox 620 1754 761 1863; x_wconf 83' lang='lat' dir='ltr'><strong>In-40.</strong></span> 
     </span>
    </p>

    <p class='ocr_par' dir='ltr' id='par_1_4' title="bbox 338 1923 1222 2253">
     <span class='ocr_line' id='line_1_11' title="bbox 388 1923 1221 2021; baseline 0.004 -29"><span class='ocrx_word' id='word_1_57' title='bbox 388 1926 421 1993; x_wconf 92' lang='lat' dir='ltr'>ln</span> <span class='ocrx_word' id='word_1_58' title='bbox 444 1924 507 2021; x_wconf 81' lang='lat' dir='ltr'>fine</span> <span class='ocrx_word' id='word_1_59' title='bbox 534 1924 669 2019; x_wconf 85' lang='lat' dir='ltr'>legitur:</span> <span class='ocrx_word' id='word_1_60' title='bbox 685 1925 766 2013; x_wconf 84' lang='lat' dir='ltr'>finit</span> <span class='ocrx_word' id='word_1_61' title='bbox 779 1923 908 2013; x_wconf 79' lang='lat' dir='ltr'>feliciter</span> <span class='ocrx_word' id='word_1_62' title='bbox 930 1929 1108 2017; x_wconf 84' lang='lat' dir='ltr'>impressum</span> <span class='ocrx_word' id='word_1_63' title='bbox 1135 1927 1221 1995; x_wconf 87' lang='lat' dir='ltr'>Nea·</span> 
     </span>
     <span class='ocr_line' id='line_1_12' title="bbox 338 2043 1222 2134; baseline 0.002 -23"><span class='ocrx_word' id='word_1_64' title='bbox 338 2045 407 2134; x_wconf 84' lang='lat' dir='ltr'>poli</span> <span class='ocrx_word' id='word_1_65' title='bbox 418 2067 477 2133; x_wconf 84' lang='lat' dir='ltr'>per</span> <span class='ocrx_word' id='word_1_66' title='bbox 492 2043 650 2110; x_wconf 76' lang='lat' dir='ltr'>Mathiam</span> <span class='ocrx_word' id='word_1_67' title='bbox 669 2043 837 2113; x_wconf 70' lang='lat' dir='ltr'>Moratum</span> <span class='ocrx_word' id='word_1_68' title='bbox 853 2066 941 2134; x_wconf 82' lang='lat' dir='ltr'><em>atque</em></span> <span class='ocrx_word' id='word_1_69' title='bbox 961 2047 1150 2113; x_wconf 80' lang='lat' dir='ltr'><em>emendatum</em></span> <span class='ocrx_word' id='word_1_70' title='bbox 1171 2070 1222 2113; x_wconf 85' lang='lat' dir='ltr'>ae-</span> 
     </span>
     <span class='ocr_line' id='line_1_13' title="bbox 344 2159 1221 2253; baseline 0.005 -25"><span class='ocrx_word' id='word_1_71' title='bbox 344 2160 530 2229; x_wconf 78' lang='lat' dir='ltr'>curatissiml</span> <span class='ocrx_word' id='word_1_72' title='bbox 544 2159 592 2231; x_wconf 91' lang='lat' dir='ltr'>M.</span> <span class='ocrx_word' id='word_1_73' title='bbox 606 2159 740 2231; x_wconf 89' lang='lat' dir='ltr'><strong>CCCC.</strong></span> <span class='ocrx_word' id='word_1_74' title='bbox 754 2159 927 2230; x_wconf 87' lang='lat' dir='ltr'>LXXXX</span> <span class='ocrx_word' id='word_1_75' title='bbox 943 2163 1017 2231; x_wconf 88' lang='lat' dir='ltr'>XV</span> <span class='ocrx_word' id='word_1_76' title='bbox 1032 2164 1221 2253; x_wconf 84' lang='lat' dir='ltr'>Septembris.</span> 
     </span>
    </p>

    <p class='ocr_par' dir='ltr' id='par_1_5' title="bbox 391 2278 1221 2375">
     <span class='ocr_line' id='line_1_14' title="bbox 391 2278 1221 2375; baseline 0.001 -28"><span class='ocrx_word' id='word_1_77' title='bbox 391 2278 590 2349; x_wconf 83' lang='lat' dir='ltr'>Praemittitur</span> <span class='ocrx_word' id='word_1_78' title='bbox 612 2279 723 2349; x_wconf 88' lang='lat' dir='ltr'>folium</span> <span class='ocrx_word' id='word_1_79' title='bbox 746 2303 844 2349; x_wconf 90' lang='lat' dir='ltr'>unum</span> <span class='ocrx_word' id='word_1_80' title='bbox 865 2298 1040 2350; x_wconf 87' lang='lat' dir='ltr'>erratorum</span> <span class='ocrx_word' id='word_1_81' title='bbox 1062 2280 1221 2375; x_wconf 80' lang='lat' dir='ltr'>&#39;corrigen-</span> 
     </span>
    </p>

    <p class='ocr_par' dir='ltr' id='par_1_6' title="bbox 284 2393 714 2490">
     <span class='ocr_line' id='line_1_15' title="bbox 284 2393 714 2490; baseline 0.002 -25"><span class='ocrx_word' id='word_1_82' title='bbox 284 2448 285 2452; x_wconf 17' lang='grc' dir='ltr'>η</span> <span class='ocrx_word' id='word_1_83' title='bbox 346 2393 481 2485; x_wconf 87' lang='lat' dir='ltr'>dorum,</span> <span class='ocrx_word' id='word_1_84' title='bbox 504 2397 556 2466; x_wconf 90' lang='lat' dir='ltr'>ubi</span> <span class='ocrx_word' id='word_1_85' title='bbox 578 2395 714 2490; x_wconf 85' lang='lat' dir='ltr'>legitur:</span> 
     </span>
    </p>

    <p class='ocr_par' dir='ltr' id='par_1_7' title="bbox 394 2553 1062 2661">
     <span class='ocr_line' id='line_1_16' title="bbox 394 2553 1062 2661; baseline 0 -39"><span class='ocrx_word' id='word_1_86' title='bbox 394 2554 526 2644; x_wconf 84' lang='lat' dir='ltr'>Emptor</span> <span class='ocrx_word' id='word_1_87' title='bbox 544 2556 574 2621; x_wconf 83' lang='lat' dir='ltr'>si</span> <span class='ocrx_word' id='word_1_88' title='bbox 594 2554 671 2643; x_wconf 78' lang='lat' dir='ltr'>quid</span> <span class='ocrx_word' id='word_1_89' title='bbox 689 2554 777 2621; x_wconf 81' lang='lat' dir='ltr'><em>labet</em></span> <span class='ocrx_word' id='word_1_90' title='bbox 797 2553 856 2641; x_wconf 75' lang='lat' dir='ltr'>titj</span> <span class='ocrx_word' id='word_1_91' title='bbox 878 2554 926 2622; x_wconf 76' lang='lat' dir='ltr'>hic</span> <span class='ocrx_word' id='word_1_92' title='bbox 945 2554 1062 2661; x_wconf 71' lang='lat' dir='ltr'>libellus</span> 
     </span>
    </p>

    <p class='ocr_par' dir='ltr' id='par_1_8' title="bbox 394 2690 997 2788">
     <span class='ocr_line' id='line_1_17' title="bbox 394 2690 997 2781; baseline -0.002 -23"><span class='ocrx_word' id='word_1_93' title='bbox 394 2692 534 2759; x_wconf 79' lang='lat' dir='ltr'>Pontani</span> <span class='ocrx_word' id='word_1_94' title='bbox 558 2692 648 2758; x_wconf 84' lang='lat' dir='ltr'><em>modo</em></span> <span class='ocrx_word' id='word_1_95' title='bbox 665 2712 828 2781; x_wconf 77' lang='lat' dir='ltr'>promptus</span> <span class='ocrx_word' id='word_1_96' title='bbox 853 2690 997 2761; x_wconf 77' lang='lat' dir='ltr'>Minerva</span> 
     </span>
    </p>

    <p class='ocr_par' dir='ltr' id='par_1_9' title="bbox 395 2828 973 2923">
     <span class='ocr_line' id='line_1_18' title="bbox 395 2828 973 2923; baseline 0.002 -29"><span class='ocrx_word' id='word_1_97' title='bbox 395 2828 521 2899; x_wconf 71' lang='lat' dir='ltr'>Morari</span> <span class='ocrx_word' id='word_1_98' title='bbox 541 2850 570 2895; x_wconf 85' lang='lat' dir='ltr'>et</span> <span class='ocrx_word' id='word_1_99' title='bbox 590 2830 680 2895; x_wconf 88' lang='lat' dir='ltr'><em>modo</em></span> <span class='ocrx_word' id='word_1_100' title='bbox 696 2853 824 2917; x_wconf 85' lang='lat' dir='ltr'>pressus</span> <span class='ocrx_word' id='word_1_101' title='bbox 848 2828 973 2923; x_wconf 84' lang='lat' dir='ltr'>officina</span> 
     </span>
    </p>

    <p class='ocr_par' dir='ltr' id='par_1_10' title="bbox 395 2966 1101 3060">
     <span class='ocr_line' id='line_1_19' title="bbox 395 2966 1101 3060; baseline 0.004 -27"><span class='ocrx_word' id='word_1_102' title='bbox 395 2966 457 3034; x_wconf 87' lang='lat' dir='ltr'>Nil</span> <span class='ocrx_word' id='word_1_103' title='bbox 474 2991 633 3060; x_wconf 77' lang='lat' dir='ltr'>maguum.</span> <span class='ocrx_word' id='word_1_104' title='bbox 645 2967 727 3034; x_wconf 79' lang='lat' dir='ltr'>nibil</span> <span class='ocrx_word' id='word_1_105' title='bbox 745 2987 789 3034; x_wconf 89' lang='lat' dir='ltr'>est</span> <span class='ocrx_word' id='word_1_106' title='bbox 809 2969 894 3055; x_wconf 79' lang='lat' dir='ltr'>quod</span> <span class='ocrx_word' id='word_1_107' title='bbox 912 2966 1101 3036; x_wconf 81' lang='lat' dir='ltr'>extimescas.</span> 
     </span>
    </p>

    <p class='ocr_par' dir='ltr' id='par_1_11' title="bbox 395 3103 1026 3193">
     <span class='ocr_line' id='line_1_20' title="bbox 395 3103 1026 3193; baseline 0.003 -24"><span class='ocrx_word' id='word_1_108' title='bbox 395 3103 508 3170; x_wconf 81' lang='lat' dir='ltr'><em>Pectat</em></span> <span class='ocrx_word' id='word_1_109' title='bbox 524 3104 624 3193; x_wconf 81' lang='lat' dir='ltr'><em>neseio</em></span> <span class='ocrx_word' id='word_1_110' title='bbox 646 3104 722 3193; x_wconf 83' lang='lat' dir='ltr'>quid</span> <span class='ocrx_word' id='word_1_111' title='bbox 742 3106 801 3174; x_wconf 78' lang='lat' dir='ltr'>leve</span> <span class='ocrx_word' id='word_1_112' title='bbox 823 3128 859 3169; x_wconf 84' lang='lat' dir='ltr'>ac</span> <span class='ocrx_word' id='word_1_113' title='bbox 876 3105 1026 3193; x_wconf 85' lang='lat' dir='ltr'>pusillum</span> 
     </span>
    </p>

    <p class='ocr_par' dir='ltr' id='par_1_12' title="bbox 398 3240 1066 3333">
     <span class='ocr_line' id='line_1_21' title="bbox 398 3240 1066 3333; baseline -0.003 -24"><span class='ocrx_word' id='word_1_114' title='bbox 398 3242 496 3333; x_wconf 81' lang='lat' dir='ltr'>Quod</span> <span class='ocrx_word' id='word_1_115' title='bbox 507 3262 612 3332; x_wconf 83' lang='lat' dir='ltr'><em>peccat</em></span> <span class='ocrx_word' id='word_1_116' title='bbox 631 3262 733 3308; x_wconf 74' lang='lat' dir='ltr'><em>tamen</em></span> <span class='ocrx_word' id='word_1_117' title='bbox 752 3240 808 3307; x_wconf 82' lang='lat' dir='ltr'>lzac</span> <span class='ocrx_word' id='word_1_118' title='bbox 827 3241 882 3306; x_wconf 83' lang='lat' dir='ltr'>tibi</span> <span class='ocrx_word' id='word_1_119' title='bbox 897 3242 932 3306; x_wconf 79' lang='lat' dir='ltr'>itt</span> <span class='ocrx_word' id='word_1_120' title='bbox 956 3241 1066 3307; x_wconf 80' lang='lat' dir='ltr'>tabella</span> 
     </span>
    </p>

    <p class='ocr_par' dir='ltr' id='par_1_13' title="bbox 324 3374 1036 3604">
     <span class='ocr_line' id='line_1_22' title="bbox 398 3374 1036 3463; baseline -0.005 -20"><span class='ocrx_word' id='word_1_121' title='bbox 398 3376 579 3445; x_wconf 82' lang='lat' dir='ltr'><em>Monstrat:</em></span> <span class='ocrx_word' id='word_1_122' title='bbox 605 3402 641 3445; x_wconf 87' lang='lat' dir='ltr'>rte</span> <span class='ocrx_word' id='word_1_123' title='bbox 661 3378 837 3445; x_wconf 76' lang='lat' dir='ltr'>redibetzdus</span> <span class='ocrx_word' id='word_1_124' title='bbox 858 3374 918 3443; x_wconf 84' lang='lat' dir='ltr'><em>esst</em></span> <span class='ocrx_word' id='word_1_125' title='bbox 934 3376 1036 3463; x_wconf 83' lang='lat' dir='ltr'><em>possit</em></span> 
     </span>
     <span class='ocr_line' id='line_1_23' title="bbox 324 3513 1019 3604; baseline -0.006 -23"><span class='ocrx_word' id='word_1_126' title='bbox 324 3563 336 3569; x_wconf 47' lang='lat'>-&gt;</span> <span class='ocrx_word' id='word_1_127' title='bbox 399 3514 469 3581; x_wconf 84' lang='lat' dir='ltr'>Neu</span> <span class='ocrx_word' id='word_1_128' title='bbox 481 3514 579 3602; x_wconf 83' lang='lat' dir='ltr'><em>fidem</em></span> <span class='ocrx_word' id='word_1_129' title='bbox 605 3515 688 3582; x_wconf 85' lang='lat' dir='ltr'>illius</span> <span class='ocrx_word' id='word_1_130' title='bbox 712 3514 848 3604; x_wconf 75' lang='lat' dir='ltr'>Uipiam</span> <span class='ocrx_word' id='word_1_131' title='bbox 872 3513 1019 3601; x_wconf 80' lang='lat' dir='ltr'>requiras.</span> 
     </span>
    </p>

    <p class='ocr_par' dir='ltr' id='par_1_14' title="bbox 354 3663 1227 3897">
     <span class='ocr_line' id='line_1_24' title="bbox 400 3663 1227 3762; baseline 0 -25"><span class='ocrx_word' id='word_1_132' title='bbox 400 3669 510 3757; x_wconf 82' lang='lat' dir='ltr'>Hujus</span> <span class='ocrx_word' id='word_1_133' title='bbox 521 3672 589 3739; x_wconf 83' lang='lat' dir='ltr'>libri</span> <span class='ocrx_word' id='word_1_134' title='bbox 606 3671 720 3739; x_wconf 80' lang='lat' dir='ltr'>merrdae</span> <span class='ocrx_word' id='word_1_135' title='bbox 734 3691 817 3739; x_wconf 78' lang='lat' dir='ltr'><em>sunt.</em></span> <span class='ocrx_word' id='word_1_136' title='bbox 834 3667 978 3762; x_wconf 79' lang='lat' dir='ltr'>Signatus</span> <span class='ocrx_word' id='word_1_137' title='bbox 995 3666 1068 3736; x_wconf 80' lang='lat' dir='ltr'>aba</span> <span class='ocrx_word' id='word_1_138' title='bbox 1081 3663 1122 3735; x_wconf 81' lang='lat' dir='ltr'>ad</span> <span class='ocrx_word' id='word_1_139' title='bbox 1135 3665 1154 3734; x_wconf 79' lang='grc'>1(</span> <span class='ocrx_word' id='word_1_140' title='bbox 1167 3665 1227 3755; x_wconf 84' lang='lat' dir='ltr'>iiij.</span> 
     </span>
     <span class='ocr_line' id='line_1_25' title="bbox 354 3784 1179 3897; baseline 0.002 -42"><span class='ocrx_word' id='word_1_141' title='bbox 354 3786 547 3858; x_wconf 76' lang='grc' dir='ltr'>Εοιτιο</span> <span class='ocrx_word' id='word_1_142' title='bbox 575 3802 930 3897; x_wconf 64' lang='lat' dir='ltr'>ornaturum,</span> <span class='ocrx_word' id='word_1_143' title='bbox 959 3801 992 3854; x_wconf 90' lang='lat' dir='ltr'>et</span> <span class='ocrx_word' id='word_1_144' title='bbox 1013 3784 1066 3856; x_wconf 78' lang='lat' dir='ltr'>vix</span> <span class='ocrx_word' id='word_1_145' title='bbox 1092 3804 1179 3858; x_wconf 84' lang='lat' dir='ltr'>nora.</span> 
     </span>
    </p>
   </div>
   <div class='ocr_carea' id='block_1_3' title="bbox 0 0 1652 5075">
    <p class='ocr_par' dir='ltr' id='par_1_15' title="bbox 0 0 1652 5075">
     <span class='ocr_line' id='line_1_26' title="bbox 0 0 1652 5075; baseline 0 0"><span class='ocrx_word' id='word_1_146' title='bbox 0 0 1652 5075; x_wconf 95' lang='lat' dir='ltr'> </span> 
     </span>
    </p>
   </div>
  </div>
 </body>
</html>
